<?xml version='1.0' encoding='utf-8'?>
<ENVELOPE>
    <HEADER>
        <TALLYREQUEST>Import Data</TALLYREQUEST>
    </HEADER>
    <BODY>
        <IMPORTDATA>
            <REQUESTDESC>
                <REPORTNAME>All Masters</REPORTNAME>
            </REQUESTDESC>
            <REQUESTDATA>
                <TALLYMESSAGE xmlns_UDF="TallyUDF">
                    <VOUCHER VCHTYPE="Payment" ACTION="Create" OBJVIEW="Accounting Voucher View">
                        <DATE>20240401</DATE>
                        <VOUCHERTYPENAME>Payment</VOUCHERTYPENAME>
                        <NARRATION>UPI/DR/409260338419/SM ART POINT JODHPUR U3PF/JIOP/002070931000 107/U3PF101007401042024 183745 JAIPUR_CENTR</NARRATION>
                        <PARTYLEDGERNAME>AU Small Finance Bank-4463</PARTYLEDGERNAME>
                        <EFFECTIVEDATE>20240401</EFFECTIVEDATE>
                        <ALLLEDGERENTRIES.LIST>
                            <LEDGERNAME>Suspense</LEDGERNAME>
                            <ISDEEMEDPOSITIVE>Yes</ISDEEMEDPOSITIVE>
                            <AMOUNT>-225.4</AMOUNT>
                        </ALLLEDGERENTRIES.LIST>
                        <ALLLEDGERENTRIES.LIST>
                            <LEDGERNAME>AU Small Finance Bank-4463</LEDGERNAME>
                            <ISDEEMEDPOSITIVE>No</ISDEEMEDPOSITIVE>
                            <AMOUNT>225.4</AMOUNT>
                            <BANKALLOCATIONS.LIST>
                                <DATE>20240401</DATE>
                                <INSTRUMENTDATE>20240401</INSTRUMENTDATE>
                                <TRANSACTIONTYPE>Cheque</TRANSACTIONTYPE>
                                <PAYMENTFAVOURING>Suspense</PAYMENTFAVOURING>
                                <INSTRUMENTNUMBER>YBLc2b37d50b0a842188e9ad90d2d58b09b</INSTRUMENTNUMBER>
                                <PAYMENTMODE>Transacted</PAYMENTMODE>
                                <AMOUNT>225.4</AMOUNT>
                            </BANKALLOCATIONS.LIST>
                        </ALLLEDGERENTRIES.LIST>
                    </VOUCHER>
                </TALLYMESSAGE>
                <TALLYMESSAGE xmlns_UDF="TallyUDF">
                    <VOUCHER VCHTYPE="Payment" ACTION="Create" OBJVIEW="Accounting Voucher View">
                        <DATE>20240402</DATE>
                        <VOUCHERTYPENAME>Payment</VOUCHERTYPENAME>
                        <NARRATION>UPI/DR/409360835702/P REMARAM S O BHAKHARRAM/BARB/653 90100004486/PAYMENT FROM PHONEPE JAIPUR_CENTR</NARRATION>
                        <PARTYLEDGERNAME>AU Small Finance Bank-4463</PARTYLEDGERNAME>
                        <EFFECTIVEDATE>20240402</EFFECTIVEDATE>
                        <ALLLEDGERENTRIES.LIST>
                            <LEDGERNAME>Suspense</LEDGERNAME>
                            <ISDEEMEDPOSITIVE>Yes</ISDEEMEDPOSITIVE>
                            <AMOUNT>-825.0</AMOUNT>
                        </ALLLEDGERENTRIES.LIST>
                        <ALLLEDGERENTRIES.LIST>
                            <LEDGERNAME>AU Small Finance Bank-4463</LEDGERNAME>
                            <ISDEEMEDPOSITIVE>No</ISDEEMEDPOSITIVE>
                            <AMOUNT>825.0</AMOUNT>
                            <BANKALLOCATIONS.LIST>
                                <DATE>20240402</DATE>
                                <INSTRUMENTDATE>20240402</INSTRUMENTDATE>
                                <TRANSACTIONTYPE>Cheque</TRANSACTIONTYPE>
                                <PAYMENTFAVOURING>Suspense</PAYMENTFAVOURING>
                                <INSTRUMENTNUMBER>YBL97b061f1f94346ebbd65a8f852600813</INSTRUMENTNUMBER>
                                <PAYMENTMODE>Transacted</PAYMENTMODE>
                                <AMOUNT>825.0</AMOUNT>
                            </BANKALLOCATIONS.LIST>
                        </ALLLEDGERENTRIES.LIST>
                    </VOUCHER>
                </TALLYMESSAGE>
                <TALLYMESSAGE xmlns_UDF="TallyUDF">
                    <VOUCHER VCHTYPE="Payment" ACTION="Create" OBJVIEW="Accounting Voucher View">
                        <DATE>20240402</DATE>
                        <VOUCHERTYPENAME>Payment</VOUCHERTYPENAME>
                        <NARRATION>UPI/DR/409315043186/RA JARAM MEDICAL HALL/YESB/00142500000 0051/DAVAI JAIPUR_CENTR</NARRATION>
                        <PARTYLEDGERNAME>AU Small Finance Bank-4463</PARTYLEDGERNAME>
                        <EFFECTIVEDATE>20240402</EFFECTIVEDATE>
                        <ALLLEDGERENTRIES.LIST>
                            <LEDGERNAME>Suspense</LEDGERNAME>
                            <ISDEEMEDPOSITIVE>Yes</ISDEEMEDPOSITIVE>
                            <AMOUNT>-511.0</AMOUNT>
                        </ALLLEDGERENTRIES.LIST>
                        <ALLLEDGERENTRIES.LIST>
                            <LEDGERNAME>AU Small Finance Bank-4463</LEDGERNAME>
                            <ISDEEMEDPOSITIVE>No</ISDEEMEDPOSITIVE>
                            <AMOUNT>511.0</AMOUNT>
                            <BANKALLOCATIONS.LIST>
                                <DATE>20240402</DATE>
                                <INSTRUMENTDATE>20240402</INSTRUMENTDATE>
                                <TRANSACTIONTYPE>Cheque</TRANSACTIONTYPE>
                                <PAYMENTFAVOURING>Suspense</PAYMENTFAVOURING>
                                <INSTRUMENTNUMBER>YBLead4373464b94323b3fca2d4f88d2576</INSTRUMENTNUMBER>
                                <PAYMENTMODE>Transacted</PAYMENTMODE>
                                <AMOUNT>511.0</AMOUNT>
                            </BANKALLOCATIONS.LIST>
                        </ALLLEDGERENTRIES.LIST>
                    </VOUCHER>
                </TALLYMESSAGE>
                <TALLYMESSAGE xmlns_UDF="TallyUDF">
                    <VOUCHER VCHTYPE="Payment" ACTION="Create" OBJVIEW="Accounting Voucher View">
                        <DATE>20240404</DATE>
                        <VOUCHERTYPENAME>Payment</VOUCHERTYPENAME>
                        <NARRATION>UPI/DR/409542459127/SU BHASH YADAV/SBIN/00000061212 333912/STAMP JAIPUR_CENTR</NARRATION>
                        <PARTYLEDGERNAME>AU Small Finance Bank-4463</PARTYLEDGERNAME>
                        <EFFECTIVEDATE>20240404</EFFECTIVEDATE>
                        <ALLLEDGERENTRIES.LIST>
                            <LEDGERNAME>Suspense</LEDGERNAME>
                            <ISDEEMEDPOSITIVE>Yes</ISDEEMEDPOSITIVE>
                            <AMOUNT>-80.0</AMOUNT>
                        </ALLLEDGERENTRIES.LIST>
                        <ALLLEDGERENTRIES.LIST>
                            <LEDGERNAME>AU Small Finance Bank-4463</LEDGERNAME>
                            <ISDEEMEDPOSITIVE>No</ISDEEMEDPOSITIVE>
                            <AMOUNT>80.0</AMOUNT>
                            <BANKALLOCATIONS.LIST>
                                <DATE>20240404</DATE>
                                <INSTRUMENTDATE>20240404</INSTRUMENTDATE>
                                <TRANSACTIONTYPE>Cheque</TRANSACTIONTYPE>
                                <PAYMENTFAVOURING>Suspense</PAYMENTFAVOURING>
                                <INSTRUMENTNUMBER>YBL68781071efb14e9d9e29a83249f1fc23</INSTRUMENTNUMBER>
                                <PAYMENTMODE>Transacted</PAYMENTMODE>
                                <AMOUNT>80.0</AMOUNT>
                            </BANKALLOCATIONS.LIST>
                        </ALLLEDGERENTRIES.LIST>
                    </VOUCHER>
                </TALLYMESSAGE>
                <TALLYMESSAGE xmlns_UDF="TallyUDF">
                    <VOUCHER VCHTYPE="Payment" ACTION="Create" OBJVIEW="Accounting Voucher View">
                        <DATE>20240404</DATE>
                        <VOUCHERTYPENAME>Payment</VOUCHERTYPENAME>
                        <NARRATION>UPI/DR/409586969724/T ARUN STATIONARY PHOTO/UBIN/0782128506 05000/GLUE BRUSH PAINT JAIPUR_CENTR</NARRATION>
                        <PARTYLEDGERNAME>AU Small Finance Bank-4463</PARTYLEDGERNAME>
                        <EFFECTIVEDATE>20240404</EFFECTIVEDATE>
                        <ALLLEDGERENTRIES.LIST>
                            <LEDGERNAME>Suspense</LEDGERNAME>
                            <ISDEEMEDPOSITIVE>Yes</ISDEEMEDPOSITIVE>
                            <AMOUNT>-20.0</AMOUNT>
                        </ALLLEDGERENTRIES.LIST>
                        <ALLLEDGERENTRIES.LIST>
                            <LEDGERNAME>AU Small Finance Bank-4463</LEDGERNAME>
                            <ISDEEMEDPOSITIVE>No</ISDEEMEDPOSITIVE>
                            <AMOUNT>20.0</AMOUNT>
                            <BANKALLOCATIONS.LIST>
                                <DATE>20240404</DATE>
                                <INSTRUMENTDATE>20240404</INSTRUMENTDATE>
                                <TRANSACTIONTYPE>Cheque</TRANSACTIONTYPE>
                                <PAYMENTFAVOURING>Suspense</PAYMENTFAVOURING>
                                <INSTRUMENTNUMBER>YBL3a84aeb9c9044
04c9cb080c96839fa
b5</INSTRUMENTNUMBER>
                                <PAYMENTMODE>Transacted</PAYMENTMODE>
                                <AMOUNT>20.0</AMOUNT>
                            </BANKALLOCATIONS.LIST>
                        </ALLLEDGERENTRIES.LIST>
                    </VOUCHER>
                </TALLYMESSAGE>
                <TALLYMESSAGE xmlns_UDF="TallyUDF">
                    <VOUCHER VCHTYPE="Payment" ACTION="Create" OBJVIEW="Accounting Voucher View">
                        <DATE>20240405</DATE>
                        <VOUCHERTYPENAME>Payment</VOUCHERTYPENAME>
                        <NARRATION>UPI/DR/409657195489/PH ONEPE/YESB/0022611000 00025/PAYMENT FROM PHONEPE JAIPUR_CENTR</NARRATION>
                        <PARTYLEDGERNAME>AU Small Finance Bank-4463</PARTYLEDGERNAME>
                        <EFFECTIVEDATE>20240405</EFFECTIVEDATE>
                        <ALLLEDGERENTRIES.LIST>
                            <LEDGERNAME>Suspense</LEDGERNAME>
                            <ISDEEMEDPOSITIVE>Yes</ISDEEMEDPOSITIVE>
                            <AMOUNT>-500.0</AMOUNT>
                        </ALLLEDGERENTRIES.LIST>
                        <ALLLEDGERENTRIES.LIST>
                            <LEDGERNAME>AU Small Finance Bank-4463</LEDGERNAME>
                            <ISDEEMEDPOSITIVE>No</ISDEEMEDPOSITIVE>
                            <AMOUNT>500.0</AMOUNT>
                            <BANKALLOCATIONS.LIST>
                                <DATE>20240405</DATE>
                                <INSTRUMENTDATE>20240405</INSTRUMENTDATE>
                                <TRANSACTIONTYPE>Cheque</TRANSACTIONTYPE>
                                <PAYMENTFAVOURING>Suspense</PAYMENTFAVOURING>
                                <INSTRUMENTNUMBER>YBL243492f9a5c442e7b8884324440bbd12</INSTRUMENTNUMBER>
                                <PAYMENTMODE>Transacted</PAYMENTMODE>
                                <AMOUNT>500.0</AMOUNT>
                            </BANKALLOCATIONS.LIST>
                        </ALLLEDGERENTRIES.LIST>
                    </VOUCHER>
                </TALLYMESSAGE>
                <TALLYMESSAGE xmlns_UDF="TallyUDF">
                    <VOUCHER VCHTYPE="Payment" ACTION="Create" OBJVIEW="Accounting Voucher View">
                        <DATE>20240501</DATE>
                        <VOUCHERTYPENAME>Payment</VOUCHERTYPENAME>
                        <NARRATION>MONTHLY INTEREST PAYOUT</NARRATION>
                        <PARTYLEDGERNAME>AU Small Finance Bank-4463</PARTYLEDGERNAME>
                        <EFFECTIVEDATE>20240501</EFFECTIVEDATE>
                        <ALLLEDGERENTRIES.LIST>
                            <LEDGERNAME>Suspense</LEDGERNAME>
                            <ISDEEMEDPOSITIVE>Yes</ISDEEMEDPOSITIVE>
                            <AMOUNT>-46.0</AMOUNT>
                        </ALLLEDGERENTRIES.LIST>
                        <ALLLEDGERENTRIES.LIST>
                            <LEDGERNAME>AU Small Finance Bank-4463</LEDGERNAME>
                            <ISDEEMEDPOSITIVE>No</ISDEEMEDPOSITIVE>
                            <AMOUNT>46.0</AMOUNT>
                            <BANKALLOCATIONS.LIST>
                                <DATE>20240501</DATE>
                                <INSTRUMENTDATE>20240501</INSTRUMENTDATE>
                                <TRANSACTIONTYPE>Cheque</TRANSACTIONTYPE>
                                <PAYMENTFAVOURING>Suspense</PAYMENTFAVOURING>
                                <INSTRUMENTNUMBER>0</INSTRUMENTNUMBER>
                                <PAYMENTMODE>Transacted</PAYMENTMODE>
                                <AMOUNT>46.0</AMOUNT>
                            </BANKALLOCATIONS.LIST>
                        </ALLLEDGERENTRIES.LIST>
                    </VOUCHER>
                </TALLYMESSAGE>
                <TALLYMESSAGE xmlns_UDF="TallyUDF">
                    <VOUCHER VCHTYPE="Payment" ACTION="Create" OBJVIEW="Accounting Voucher View">
                        <DATE>20240504</DATE>
                        <VOUCHERTYPENAME>Payment</VOUCHERTYPENAME>
                        <NARRATION>UPI/CR/412509758886/GA RVIT BHARDWAJ/SBIN/000000 37234362257/UPI JAIPUR_CENTR</NARRATION>
                        <PARTYLEDGERNAME>AU Small Finance Bank-4463</PARTYLEDGERNAME>
                        <EFFECTIVEDATE>20240504</EFFECTIVEDATE>
                        <ALLLEDGERENTRIES.LIST>
                            <LEDGERNAME>Suspense</LEDGERNAME>
                            <ISDEEMEDPOSITIVE>Yes</ISDEEMEDPOSITIVE>
                            <AMOUNT>-200.0</AMOUNT>
                        </ALLLEDGERENTRIES.LIST>
                        <ALLLEDGERENTRIES.LIST>
                            <LEDGERNAME>AU Small Finance Bank-4463</LEDGERNAME>
                            <ISDEEMEDPOSITIVE>No</ISDEEMEDPOSITIVE>
                            <AMOUNT>200.0</AMOUNT>
                            <BANKALLOCATIONS.LIST>
                                <DATE>20240504</DATE>
                                <INSTRUMENTDATE>20240504</INSTRUMENTDATE>
                                <TRANSACTIONTYPE>Cheque</TRANSACTIONTYPE>
                                <PAYMENTFAVOURING>Suspense</PAYMENTFAVOURING>
                                <INSTRUMENTNUMBER>SBI107061f8e0414046af5967386407dc90</INSTRUMENTNUMBER>
                                <PAYMENTMODE>Transacted</PAYMENTMODE>
                                <AMOUNT>200.0</AMOUNT>
                            </BANKALLOCATIONS.LIST>
                        </ALLLEDGERENTRIES.LIST>
                    </VOUCHER>
                </TALLYMESSAGE>
                <TALLYMESSAGE xmlns_UDF="TallyUDF">
                    <VOUCHER VCHTYPE="Payment" ACTION="Create" OBJVIEW="Accounting Voucher View">
                        <DATE>20240601</DATE>
                        <VOUCHERTYPENAME>Payment</VOUCHERTYPENAME>
                        <NARRATION>MONTHLY INTEREST PAYOUT</NARRATION>
                        <PARTYLEDGERNAME>AU Small Finance Bank-4463</PARTYLEDGERNAME>
                        <EFFECTIVEDATE>20240601</EFFECTIVEDATE>
                        <ALLLEDGERENTRIES.LIST>
                            <LEDGERNAME>Suspense</LEDGERNAME>
                            <ISDEEMEDPOSITIVE>Yes</ISDEEMEDPOSITIVE>
                            <AMOUNT>-47.0</AMOUNT>
                        </ALLLEDGERENTRIES.LIST>
                        <ALLLEDGERENTRIES.LIST>
                            <LEDGERNAME>AU Small Finance Bank-4463</LEDGERNAME>
                            <ISDEEMEDPOSITIVE>No</ISDEEMEDPOSITIVE>
                            <AMOUNT>47.0</AMOUNT>
                            <BANKALLOCATIONS.LIST>
                                <DATE>20240601</DATE>
                                <INSTRUMENTDATE>20240601</INSTRUMENTDATE>
                                <TRANSACTIONTYPE>Cheque</TRANSACTIONTYPE>
                                <PAYMENTFAVOURING>Suspense</PAYMENTFAVOURING>
                                <INSTRUMENTNUMBER>0</INSTRUMENTNUMBER>
                                <PAYMENTMODE>Transacted</PAYMENTMODE>
                                <AMOUNT>47.0</AMOUNT>
                            </BANKALLOCATIONS.LIST>
                        </ALLLEDGERENTRIES.LIST>
                    </VOUCHER>
                </TALLYMESSAGE>
                <TALLYMESSAGE xmlns_UDF="TallyUDF">
                    <VOUCHER VCHTYPE="Payment" ACTION="Create" OBJVIEW="Accounting Voucher View">
                        <DATE>20240701</DATE>
                        <VOUCHERTYPENAME>Payment</VOUCHERTYPENAME>
                        <NARRATION>MONTHLY INTEREST PAYOUT</NARRATION>
                        <PARTYLEDGERNAME>AU Small Finance Bank-4463</PARTYLEDGERNAME>
                        <EFFECTIVEDATE>20240701</EFFECTIVEDATE>
                        <ALLLEDGERENTRIES.LIST>
                            <LEDGERNAME>Suspense</LEDGERNAME>
                            <ISDEEMEDPOSITIVE>Yes</ISDEEMEDPOSITIVE>
                            <AMOUNT>-45.0</AMOUNT>
                        </ALLLEDGERENTRIES.LIST>
                        <ALLLEDGERENTRIES.LIST>
                            <LEDGERNAME>AU Small Finance Bank-4463</LEDGERNAME>
                            <ISDEEMEDPOSITIVE>No</ISDEEMEDPOSITIVE>
                            <AMOUNT>45.0</AMOUNT>
                            <BANKALLOCATIONS.LIST>
                                <DATE>20240701</DATE>
                                <INSTRUMENTDATE>20240701</INSTRUMENTDATE>
                                <TRANSACTIONTYPE>Cheque</TRANSACTIONTYPE>
                                <PAYMENTFAVOURING>Suspense</PAYMENTFAVOURING>
                                <INSTRUMENTNUMBER>0</INSTRUMENTNUMBER>
                                <PAYMENTMODE>Transacted</PAYMENTMODE>
                                <AMOUNT>45.0</AMOUNT>
                            </BANKALLOCATIONS.LIST>
                        </ALLLEDGERENTRIES.LIST>
                    </VOUCHER>
                </TALLYMESSAGE>
                <TALLYMESSAGE xmlns_UDF="TallyUDF">
                    <VOUCHER VCHTYPE="Payment" ACTION="Create" OBJVIEW="Accounting Voucher View">
                        <DATE>20240704</DATE>
                        <VOUCHERTYPENAME>Payment</VOUCHERTYPENAME>
                        <NARRATION>UPI/DR/418667611365/PRA KASH/UCBA/27220110073 278/PAYMENT FROM PHONEPE JAIPUR_CENTR</NARRATION>
                        <PARTYLEDGERNAME>AU Small Finance Bank-4463</PARTYLEDGERNAME>
                        <EFFECTIVEDATE>20240704</EFFECTIVEDATE>
                        <ALLLEDGERENTRIES.LIST>
                            <LEDGERNAME>Suspense</LEDGERNAME>
                            <ISDEEMEDPOSITIVE>Yes</ISDEEMEDPOSITIVE>
                            <AMOUNT>-1.0</AMOUNT>
                        </ALLLEDGERENTRIES.LIST>
                        <ALLLEDGERENTRIES.LIST>
                            <LEDGERNAME>AU Small Finance Bank-4463</LEDGERNAME>
                            <ISDEEMEDPOSITIVE>No</ISDEEMEDPOSITIVE>
                            <AMOUNT>1.0</AMOUNT>
                            <BANKALLOCATIONS.LIST>
                                <DATE>20240704</DATE>
                                <INSTRUMENTDATE>20240704</INSTRUMENTDATE>
                                <TRANSACTIONTYPE>Cheque</TRANSACTIONTYPE>
                                <PAYMENTFAVOURING>Suspense</PAYMENTFAVOURING>
                                <INSTRUMENTNUMBER>YBLc1bf3d8f13b7404
2b667afbd6bad93c0</INSTRUMENTNUMBER>
                                <PAYMENTMODE>Transacted</PAYMENTMODE>
                                <AMOUNT>1.0</AMOUNT>
                            </BANKALLOCATIONS.LIST>
                        </ALLLEDGERENTRIES.LIST>
                    </VOUCHER>
                </TALLYMESSAGE>
                <TALLYMESSAGE xmlns_UDF="TallyUDF">
                    <VOUCHER VCHTYPE="Payment" ACTION="Create" OBJVIEW="Accounting Voucher View">
                        <DATE>20240706</DATE>
                        <VOUCHERTYPENAME>Payment</VOUCHERTYPENAME>
                        <NARRATION>UPI/DR/418827226094/SH RI RAM FASHION POINT/YESB/0014250000 00051/UNDERWERE JAIPUR_CENTR</NARRATION>
                        <PARTYLEDGERNAME>AU Small Finance Bank-4463</PARTYLEDGERNAME>
                        <EFFECTIVEDATE>20240706</EFFECTIVEDATE>
                        <ALLLEDGERENTRIES.LIST>
                            <LEDGERNAME>Suspense</LEDGERNAME>
                            <ISDEEMEDPOSITIVE>Yes</ISDEEMEDPOSITIVE>
                            <AMOUNT>-850.0</AMOUNT>
                        </ALLLEDGERENTRIES.LIST>
                        <ALLLEDGERENTRIES.LIST>
                            <LEDGERNAME>AU Small Finance Bank-4463</LEDGERNAME>
                            <ISDEEMEDPOSITIVE>No</ISDEEMEDPOSITIVE>
                            <AMOUNT>850.0</AMOUNT>
                            <BANKALLOCATIONS.LIST>
                                <DATE>20240706</DATE>
                                <INSTRUMENTDATE>20240706</INSTRUMENTDATE>
                                <TRANSACTIONTYPE>Cheque</TRANSACTIONTYPE>
                                <PAYMENTFAVOURING>Suspense</PAYMENTFAVOURING>
                                <INSTRUMENTNUMBER>YBL4c5d750cbd464
407b4ed60ca1d96df
d2</INSTRUMENTNUMBER>
                                <PAYMENTMODE>Transacted</PAYMENTMODE>
                                <AMOUNT>850.0</AMOUNT>
                            </BANKALLOCATIONS.LIST>
                        </ALLLEDGERENTRIES.LIST>
                    </VOUCHER>
                </TALLYMESSAGE>
                <TALLYMESSAGE xmlns_UDF="TallyUDF">
                    <VOUCHER VCHTYPE="Payment" ACTION="Create" OBJVIEW="Accounting Voucher View">
                        <DATE>20240707</DATE>
                        <VOUCHERTYPENAME>Payment</VOUCHERTYPENAME>
                        <NARRATION>UPI/DR/418985338971/SA URABH RAJPUT/YESB/001425000 000051/SABJI JAIPUR_CENTR</NARRATION>
                        <PARTYLEDGERNAME>AU Small Finance Bank-4463</PARTYLEDGERNAME>
                        <EFFECTIVEDATE>20240707</EFFECTIVEDATE>
                        <ALLLEDGERENTRIES.LIST>
                            <LEDGERNAME>Suspense</LEDGERNAME>
                            <ISDEEMEDPOSITIVE>Yes</ISDEEMEDPOSITIVE>
                            <AMOUNT>-229.0</AMOUNT>
                        </ALLLEDGERENTRIES.LIST>
                        <ALLLEDGERENTRIES.LIST>
                            <LEDGERNAME>AU Small Finance Bank-4463</LEDGERNAME>
                            <ISDEEMEDPOSITIVE>No</ISDEEMEDPOSITIVE>
                            <AMOUNT>229.0</AMOUNT>
                            <BANKALLOCATIONS.LIST>
                                <DATE>20240707</DATE>
                                <INSTRUMENTDATE>20240707</INSTRUMENTDATE>
                                <TRANSACTIONTYPE>Cheque</TRANSACTIONTYPE>
                                <PAYMENTFAVOURING>Suspense</PAYMENTFAVOURING>
                                <INSTRUMENTNUMBER>YBL48753954deec4
93caa718214206a00
b7</INSTRUMENTNUMBER>
                                <PAYMENTMODE>Transacted</PAYMENTMODE>
                                <AMOUNT>229.0</AMOUNT>
                            </BANKALLOCATIONS.LIST>
                        </ALLLEDGERENTRIES.LIST>
                    </VOUCHER>
                </TALLYMESSAGE>
                <TALLYMESSAGE xmlns_UDF="TallyUDF">
                    <VOUCHER VCHTYPE="Payment" ACTION="Create" OBJVIEW="Accounting Voucher View">
                        <DATE>20240708</DATE>
                        <VOUCHERTYPENAME>Payment</VOUCHERTYPENAME>
                        <NARRATION>UPI/DR/419009084572/M ANISH KUMAR/HDFC/5010059751 0494/PAYMENT FROM PHONEPE JAIPUR_CENTR</NARRATION>
                        <PARTYLEDGERNAME>AU Small Finance Bank-4463</PARTYLEDGERNAME>
                        <EFFECTIVEDATE>20240708</EFFECTIVEDATE>
                        <ALLLEDGERENTRIES.LIST>
                            <LEDGERNAME>Suspense</LEDGERNAME>
                            <ISDEEMEDPOSITIVE>Yes</ISDEEMEDPOSITIVE>
                            <AMOUNT>-500.0</AMOUNT>
                        </ALLLEDGERENTRIES.LIST>
                        <ALLLEDGERENTRIES.LIST>
                            <LEDGERNAME>AU Small Finance Bank-4463</LEDGERNAME>
                            <ISDEEMEDPOSITIVE>No</ISDEEMEDPOSITIVE>
                            <AMOUNT>500.0</AMOUNT>
                            <BANKALLOCATIONS.LIST>
                                <DATE>20240708</DATE>
                                <INSTRUMENTDATE>20240708</INSTRUMENTDATE>
                                <TRANSACTIONTYPE>Cheque</TRANSACTIONTYPE>
                                <PAYMENTFAVOURING>Suspense</PAYMENTFAVOURING>
                                <INSTRUMENTNUMBER>YBLcc486ae092b24ae0b24b005399fa40b8</INSTRUMENTNUMBER>
                                <PAYMENTMODE>Transacted</PAYMENTMODE>
                                <AMOUNT>500.0</AMOUNT>
                            </BANKALLOCATIONS.LIST>
                        </ALLLEDGERENTRIES.LIST>
                    </VOUCHER>
                </TALLYMESSAGE>
                <TALLYMESSAGE xmlns_UDF="TallyUDF">
                    <VOUCHER VCHTYPE="Payment" ACTION="Create" OBJVIEW="Accounting Voucher View">
                        <DATE>20240709</DATE>
                        <VOUCHERTYPENAME>Payment</VOUCHERTYPENAME>
                        <NARRATION>UPI/DR/419191333464/PV R INOX LIMITED/YESB/1150636000 00612/POP JAIPUR_CENTR</NARRATION>
                        <PARTYLEDGERNAME>AU Small Finance Bank-4463</PARTYLEDGERNAME>
                        <EFFECTIVEDATE>20240709</EFFECTIVEDATE>
                        <ALLLEDGERENTRIES.LIST>
                            <LEDGERNAME>Suspense</LEDGERNAME>
                            <ISDEEMEDPOSITIVE>Yes</ISDEEMEDPOSITIVE>
                            <AMOUNT>-600.0</AMOUNT>
                        </ALLLEDGERENTRIES.LIST>
                        <ALLLEDGERENTRIES.LIST>
                            <LEDGERNAME>AU Small Finance Bank-4463</LEDGERNAME>
                            <ISDEEMEDPOSITIVE>No</ISDEEMEDPOSITIVE>
                            <AMOUNT>600.0</AMOUNT>
                            <BANKALLOCATIONS.LIST>
                                <DATE>20240709</DATE>
                                <INSTRUMENTDATE>20240709</INSTRUMENTDATE>
                                <TRANSACTIONTYPE>Cheque</TRANSACTIONTYPE>
                                <PAYMENTFAVOURING>Suspense</PAYMENTFAVOURING>
                                <INSTRUMENTNUMBER>AMZDQR00000000000000017156230002148</INSTRUMENTNUMBER>
                                <PAYMENTMODE>Transacted</PAYMENTMODE>
                                <AMOUNT>600.0</AMOUNT>
                            </BANKALLOCATIONS.LIST>
                        </ALLLEDGERENTRIES.LIST>
                    </VOUCHER>
                </TALLYMESSAGE>
                <TALLYMESSAGE xmlns_UDF="TallyUDF">
                    <VOUCHER VCHTYPE="Payment" ACTION="Create" OBJVIEW="Accounting Voucher View">
                        <DATE>20240710</DATE>
                        <VOUCHERTYPENAME>Payment</VOUCHERTYPENAME>
                        <NARRATION>UPI/DR/419288201860/BH ARTI AIRTEL LIMITED/YESB/002261100 000025/PAYMENT FROM PHONEPE JAIPUR_CENTR</NARRATION>
                        <PARTYLEDGERNAME>AU Small Finance Bank-4463</PARTYLEDGERNAME>
                        <EFFECTIVEDATE>20240710</EFFECTIVEDATE>
                        <ALLLEDGERENTRIES.LIST>
                            <LEDGERNAME>Suspense</LEDGERNAME>
                            <ISDEEMEDPOSITIVE>Yes</ISDEEMEDPOSITIVE>
                            <AMOUNT>-352.0</AMOUNT>
                        </ALLLEDGERENTRIES.LIST>
                        <ALLLEDGERENTRIES.LIST>
                            <LEDGERNAME>AU Small Finance Bank-4463</LEDGERNAME>
                            <ISDEEMEDPOSITIVE>No</ISDEEMEDPOSITIVE>
                            <AMOUNT>352.0</AMOUNT>
                            <BANKALLOCATIONS.LIST>
                                <DATE>20240710</DATE>
                                <INSTRUMENTDATE>20240710</INSTRUMENTDATE>
                                <TRANSACTIONTYPE>Cheque</TRANSACTIONTYPE>
                                <PAYMENTFAVOURING>Suspense</PAYMENTFAVOURING>
                                <INSTRUMENTNUMBER>YBL7b280380a89f4a8da82e09d982cb9dfe</INSTRUMENTNUMBER>
                                <PAYMENTMODE>Transacted</PAYMENTMODE>
                                <AMOUNT>352.0</AMOUNT>
                            </BANKALLOCATIONS.LIST>
                        </ALLLEDGERENTRIES.LIST>
                    </VOUCHER>
                </TALLYMESSAGE>
                <TALLYMESSAGE xmlns_UDF="TallyUDF">
                    <VOUCHER VCHTYPE="Payment" ACTION="Create" OBJVIEW="Accounting Voucher View">
                        <DATE>20240710</DATE>
                        <VOUCHERTYPENAME>Payment</VOUCHERTYPENAME>
                        <NARRATION>UPI/DR/419208576925/RA KESH MUNDAN/YESB/002261100 000025/TEL JAIPUR_CENTR</NARRATION>
                        <PARTYLEDGERNAME>AU Small Finance Bank-4463</PARTYLEDGERNAME>
                        <EFFECTIVEDATE>20240710</EFFECTIVEDATE>
                        <ALLLEDGERENTRIES.LIST>
                            <LEDGERNAME>Suspense</LEDGERNAME>
                            <ISDEEMEDPOSITIVE>Yes</ISDEEMEDPOSITIVE>
                            <AMOUNT>-45.0</AMOUNT>
                        </ALLLEDGERENTRIES.LIST>
                        <ALLLEDGERENTRIES.LIST>
                            <LEDGERNAME>AU Small Finance Bank-4463</LEDGERNAME>
                            <ISDEEMEDPOSITIVE>No</ISDEEMEDPOSITIVE>
                            <AMOUNT>45.0</AMOUNT>
                            <BANKALLOCATIONS.LIST>
                                <DATE>20240710</DATE>
                                <INSTRUMENTDATE>20240710</INSTRUMENTDATE>
                                <TRANSACTIONTYPE>Cheque</TRANSACTIONTYPE>
                                <PAYMENTFAVOURING>Suspense</PAYMENTFAVOURING>
                                <INSTRUMENTNUMBER>YBLa008bab7c31a4f
6ca8da1eb00b6d2a
3c</INSTRUMENTNUMBER>
                                <PAYMENTMODE>Transacted</PAYMENTMODE>
                                <AMOUNT>45.0</AMOUNT>
                            </BANKALLOCATIONS.LIST>
                        </ALLLEDGERENTRIES.LIST>
                    </VOUCHER>
                </TALLYMESSAGE>
                <TALLYMESSAGE xmlns_UDF="TallyUDF">
                    <VOUCHER VCHTYPE="Payment" ACTION="Create" OBJVIEW="Accounting Voucher View">
                        <DATE>20240710</DATE>
                        <VOUCHERTYPENAME>Payment</VOUCHERTYPENAME>
                        <NARRATION>UPI/DR/419294058874/VI NODKUMAR/YESB/002261 100000025/PAYMENT FROM PHONEPE JAIPUR_CENTR</NARRATION>
                        <PARTYLEDGERNAME>AU Small Finance Bank-4463</PARTYLEDGERNAME>
                        <EFFECTIVEDATE>20240710</EFFECTIVEDATE>
                        <ALLLEDGERENTRIES.LIST>
                            <LEDGERNAME>Suspense</LEDGERNAME>
                            <ISDEEMEDPOSITIVE>Yes</ISDEEMEDPOSITIVE>
                            <AMOUNT>-110.0</AMOUNT>
                        </ALLLEDGERENTRIES.LIST>
                        <ALLLEDGERENTRIES.LIST>
                            <LEDGERNAME>AU Small Finance Bank-4463</LEDGERNAME>
                            <ISDEEMEDPOSITIVE>No</ISDEEMEDPOSITIVE>
                            <AMOUNT>110.0</AMOUNT>
                            <BANKALLOCATIONS.LIST>
                                <DATE>20240710</DATE>
                                <INSTRUMENTDATE>20240710</INSTRUMENTDATE>
                                <TRANSACTIONTYPE>Cheque</TRANSACTIONTYPE>
                                <PAYMENTFAVOURING>Suspense</PAYMENTFAVOURING>
                                <INSTRUMENTNUMBER>YBL9f6313de34cf4b
0a96a2676e2fbd081
b</INSTRUMENTNUMBER>
                                <PAYMENTMODE>Transacted</PAYMENTMODE>
                                <AMOUNT>110.0</AMOUNT>
                            </BANKALLOCATIONS.LIST>
                        </ALLLEDGERENTRIES.LIST>
                    </VOUCHER>
                </TALLYMESSAGE>
                <TALLYMESSAGE xmlns_UDF="TallyUDF">
                    <VOUCHER VCHTYPE="Payment" ACTION="Create" OBJVIEW="Accounting Voucher View">
                        <DATE>20240712</DATE>
                        <VOUCHERTYPENAME>Payment</VOUCHERTYPENAME>
                        <NARRATION>UPI/DR/419468077785/HA RISH KUMAR/YESB/001425000 000051/SAMAN SITE HARPIC JAIPUR_CENTR</NARRATION>
                        <PARTYLEDGERNAME>AU Small Finance Bank-4463</PARTYLEDGERNAME>
                        <EFFECTIVEDATE>20240712</EFFECTIVEDATE>
                        <ALLLEDGERENTRIES.LIST>
                            <LEDGERNAME>Suspense</LEDGERNAME>
                            <ISDEEMEDPOSITIVE>Yes</ISDEEMEDPOSITIVE>
                            <AMOUNT>-497.0</AMOUNT>
                        </ALLLEDGERENTRIES.LIST>
                        <ALLLEDGERENTRIES.LIST>
                            <LEDGERNAME>AU Small Finance Bank-4463</LEDGERNAME>
                            <ISDEEMEDPOSITIVE>No</ISDEEMEDPOSITIVE>
                            <AMOUNT>497.0</AMOUNT>
                            <BANKALLOCATIONS.LIST>
                                <DATE>20240712</DATE>
                                <INSTRUMENTDATE>20240712</INSTRUMENTDATE>
                                <TRANSACTIONTYPE>Cheque</TRANSACTIONTYPE>
                                <PAYMENTFAVOURING>Suspense</PAYMENTFAVOURING>
                                <INSTRUMENTNUMBER>YBL1584615317e845
0695d1044669781fe1</INSTRUMENTNUMBER>
                                <PAYMENTMODE>Transacted</PAYMENTMODE>
                                <AMOUNT>497.0</AMOUNT>
                            </BANKALLOCATIONS.LIST>
                        </ALLLEDGERENTRIES.LIST>
                    </VOUCHER>
                </TALLYMESSAGE>
                <TALLYMESSAGE xmlns_UDF="TallyUDF">
                    <VOUCHER VCHTYPE="Payment" ACTION="Create" OBJVIEW="Accounting Voucher View">
                        <DATE>20240712</DATE>
                        <VOUCHERTYPENAME>Payment</VOUCHERTYPENAME>
                        <NARRATION>UPI/DR/419405100128/AD BHUD PRABHU MEDICAL/HDFC/5020008 2504882/LAVI DAVAI JAIPUR_CENTR</NARRATION>
                        <PARTYLEDGERNAME>AU Small Finance Bank-4463</PARTYLEDGERNAME>
                        <EFFECTIVEDATE>20240712</EFFECTIVEDATE>
                        <ALLLEDGERENTRIES.LIST>
                            <LEDGERNAME>Suspense</LEDGERNAME>
                            <ISDEEMEDPOSITIVE>Yes</ISDEEMEDPOSITIVE>
                            <AMOUNT>-110.0</AMOUNT>
                        </ALLLEDGERENTRIES.LIST>
                        <ALLLEDGERENTRIES.LIST>
                            <LEDGERNAME>AU Small Finance Bank-4463</LEDGERNAME>
                            <ISDEEMEDPOSITIVE>No</ISDEEMEDPOSITIVE>
                            <AMOUNT>110.0</AMOUNT>
                            <BANKALLOCATIONS.LIST>
                                <DATE>20240712</DATE>
                                <INSTRUMENTDATE>20240712</INSTRUMENTDATE>
                                <TRANSACTIONTYPE>Cheque</TRANSACTIONTYPE>
                                <PAYMENTFAVOURING>Suspense</PAYMENTFAVOURING>
                                <INSTRUMENTNUMBER>YBLb8d12c64ab7941
9b8eb9a68d0edfb4f
d</INSTRUMENTNUMBER>
                                <PAYMENTMODE>Transacted</PAYMENTMODE>
                                <AMOUNT>110.0</AMOUNT>
                            </BANKALLOCATIONS.LIST>
                        </ALLLEDGERENTRIES.LIST>
                    </VOUCHER>
                </TALLYMESSAGE>
                <TALLYMESSAGE xmlns_UDF="TallyUDF">
                    <VOUCHER VCHTYPE="Payment" ACTION="Create" OBJVIEW="Accounting Voucher View">
                        <DATE>20240713</DATE>
                        <VOUCHERTYPENAME>Payment</VOUCHERTYPENAME>
                        <NARRATION>UPI/DR/419584705725/BH ARTI AIRTEL LIMITED/YESB/002261100 000025/PAYMENT FROM PHONEPE JAIPUR_CENTR</NARRATION>
                        <PARTYLEDGERNAME>AU Small Finance Bank-4463</PARTYLEDGERNAME>
                        <EFFECTIVEDATE>20240713</EFFECTIVEDATE>
                        <ALLLEDGERENTRIES.LIST>
                            <LEDGERNAME>Suspense</LEDGERNAME>
                            <ISDEEMEDPOSITIVE>Yes</ISDEEMEDPOSITIVE>
                            <AMOUNT>-201.0</AMOUNT>
                        </ALLLEDGERENTRIES.LIST>
                        <ALLLEDGERENTRIES.LIST>
                            <LEDGERNAME>AU Small Finance Bank-4463</LEDGERNAME>
                            <ISDEEMEDPOSITIVE>No</ISDEEMEDPOSITIVE>
                            <AMOUNT>201.0</AMOUNT>
                            <BANKALLOCATIONS.LIST>
                                <DATE>20240713</DATE>
                                <INSTRUMENTDATE>20240713</INSTRUMENTDATE>
                                <TRANSACTIONTYPE>Cheque</TRANSACTIONTYPE>
                                <PAYMENTFAVOURING>Suspense</PAYMENTFAVOURING>
                                <INSTRUMENTNUMBER>YBL8a6f77697b343c9bc96d7e3f7ba754d</INSTRUMENTNUMBER>
                                <PAYMENTMODE>Transacted</PAYMENTMODE>
                                <AMOUNT>201.0</AMOUNT>
                            </BANKALLOCATIONS.LIST>
                        </ALLLEDGERENTRIES.LIST>
                    </VOUCHER>
                </TALLYMESSAGE>
                <TALLYMESSAGE xmlns_UDF="TallyUDF">
                    <VOUCHER VCHTYPE="Payment" ACTION="Create" OBJVIEW="Accounting Voucher View">
                        <DATE>20240714</DATE>
                        <VOUCHERTYPENAME>Payment</VOUCHERTYPENAME>
                        <NARRATION>UPI/DR/419653992304/AC HLA RAM/YESB/002261100000 025/MASSAGE NAI JAIPUR_CENTR</NARRATION>
                        <PARTYLEDGERNAME>AU Small Finance Bank-4463</PARTYLEDGERNAME>
                        <EFFECTIVEDATE>20240714</EFFECTIVEDATE>
                        <ALLLEDGERENTRIES.LIST>
                            <LEDGERNAME>Suspense</LEDGERNAME>
                            <ISDEEMEDPOSITIVE>Yes</ISDEEMEDPOSITIVE>
                            <AMOUNT>-500.0</AMOUNT>
                        </ALLLEDGERENTRIES.LIST>
                        <ALLLEDGERENTRIES.LIST>
                            <LEDGERNAME>AU Small Finance Bank-4463</LEDGERNAME>
                            <ISDEEMEDPOSITIVE>No</ISDEEMEDPOSITIVE>
                            <AMOUNT>500.0</AMOUNT>
                            <BANKALLOCATIONS.LIST>
                                <DATE>20240714</DATE>
                                <INSTRUMENTDATE>20240714</INSTRUMENTDATE>
                                <TRANSACTIONTYPE>Cheque</TRANSACTIONTYPE>
                                <PAYMENTFAVOURING>Suspense</PAYMENTFAVOURING>
                                <INSTRUMENTNUMBER>YBL17127a00ed5445c8ae1753ae75e57897</INSTRUMENTNUMBER>
                                <PAYMENTMODE>Transacted</PAYMENTMODE>
                                <AMOUNT>500.0</AMOUNT>
                            </BANKALLOCATIONS.LIST>
                        </ALLLEDGERENTRIES.LIST>
                    </VOUCHER>
                </TALLYMESSAGE>
                <TALLYMESSAGE xmlns_UDF="TallyUDF">
                    <VOUCHER VCHTYPE="Payment" ACTION="Create" OBJVIEW="Accounting Voucher View">
                        <DATE>20240714</DATE>
                        <VOUCHERTYPENAME>Payment</VOUCHERTYPENAME>
                        <NARRATION>UPI/DR/419604013738/SA URABH RAJPUT/YESB/001425000 000051/SABJU JAIPUR_CENTR</NARRATION>
                        <PARTYLEDGERNAME>AU Small Finance Bank-4463</PARTYLEDGERNAME>
                        <EFFECTIVEDATE>20240714</EFFECTIVEDATE>
                        <ALLLEDGERENTRIES.LIST>
                            <LEDGERNAME>Suspense</LEDGERNAME>
                            <ISDEEMEDPOSITIVE>Yes</ISDEEMEDPOSITIVE>
                            <AMOUNT>-50.0</AMOUNT>
                        </ALLLEDGERENTRIES.LIST>
                        <ALLLEDGERENTRIES.LIST>
                            <LEDGERNAME>AU Small Finance Bank-4463</LEDGERNAME>
                            <ISDEEMEDPOSITIVE>No</ISDEEMEDPOSITIVE>
                            <AMOUNT>50.0</AMOUNT>
                            <BANKALLOCATIONS.LIST>
                                <DATE>20240714</DATE>
                                <INSTRUMENTDATE>20240714</INSTRUMENTDATE>
                                <TRANSACTIONTYPE>Cheque</TRANSACTIONTYPE>
                                <PAYMENTFAVOURING>Suspense</PAYMENTFAVOURING>
                                <INSTRUMENTNUMBER>YBLad5c2006386e4b2db70b43e6830c6079</INSTRUMENTNUMBER>
                                <PAYMENTMODE>Transacted</PAYMENTMODE>
                                <AMOUNT>50.0</AMOUNT>
                            </BANKALLOCATIONS.LIST>
                        </ALLLEDGERENTRIES.LIST>
                    </VOUCHER>
                </TALLYMESSAGE>
                <TALLYMESSAGE xmlns_UDF="TallyUDF">
                    <VOUCHER VCHTYPE="Payment" ACTION="Create" OBJVIEW="Accounting Voucher View">
                        <DATE>20240714</DATE>
                        <VOUCHERTYPENAME>Payment</VOUCHERTYPENAME>
                        <NARRATION>UPI/DR/419636518126/UM ESH/YESB/0022611000000 25/MOSQMI JAIPUR_CENTR</NARRATION>
                        <PARTYLEDGERNAME>AU Small Finance Bank-4463</PARTYLEDGERNAME>
                        <EFFECTIVEDATE>20240714</EFFECTIVEDATE>
                        <ALLLEDGERENTRIES.LIST>
                            <LEDGERNAME>Suspense</LEDGERNAME>
                            <ISDEEMEDPOSITIVE>Yes</ISDEEMEDPOSITIVE>
                            <AMOUNT>-500.0</AMOUNT>
                        </ALLLEDGERENTRIES.LIST>
                        <ALLLEDGERENTRIES.LIST>
                            <LEDGERNAME>AU Small Finance Bank-4463</LEDGERNAME>
                            <ISDEEMEDPOSITIVE>No</ISDEEMEDPOSITIVE>
                            <AMOUNT>500.0</AMOUNT>
                            <BANKALLOCATIONS.LIST>
                                <DATE>20240714</DATE>
                                <INSTRUMENTDATE>20240714</INSTRUMENTDATE>
                                <TRANSACTIONTYPE>Cheque</TRANSACTIONTYPE>
                                <PAYMENTFAVOURING>Suspense</PAYMENTFAVOURING>
                                <INSTRUMENTNUMBER>YBLe2e58162f2e8407d85610627c8b6e98b</INSTRUMENTNUMBER>
                                <PAYMENTMODE>Transacted</PAYMENTMODE>
                                <AMOUNT>500.0</AMOUNT>
                            </BANKALLOCATIONS.LIST>
                        </ALLLEDGERENTRIES.LIST>
                    </VOUCHER>
                </TALLYMESSAGE>
                <TALLYMESSAGE xmlns_UDF="TallyUDF">
                    <VOUCHER VCHTYPE="Payment" ACTION="Create" OBJVIEW="Accounting Voucher View">
                        <DATE>20240717</DATE>
                        <VOUCHERTYPENAME>Payment</VOUCHERTYPENAME>
                        <NARRATION>UPI/DR/419982616974/RO HIT KUSHWAH/YESB/0022611 00000025/GOL GAPE JAIPUR_CENTR</NARRATION>
                        <PARTYLEDGERNAME>AU Small Finance Bank-4463</PARTYLEDGERNAME>
                        <EFFECTIVEDATE>20240717</EFFECTIVEDATE>
                        <ALLLEDGERENTRIES.LIST>
                            <LEDGERNAME>Suspense</LEDGERNAME>
                            <ISDEEMEDPOSITIVE>Yes</ISDEEMEDPOSITIVE>
                            <AMOUNT>-55.0</AMOUNT>
                        </ALLLEDGERENTRIES.LIST>
                        <ALLLEDGERENTRIES.LIST>
                            <LEDGERNAME>AU Small Finance Bank-4463</LEDGERNAME>
                            <ISDEEMEDPOSITIVE>No</ISDEEMEDPOSITIVE>
                            <AMOUNT>55.0</AMOUNT>
                            <BANKALLOCATIONS.LIST>
                                <DATE>20240717</DATE>
                                <INSTRUMENTDATE>20240717</INSTRUMENTDATE>
                                <TRANSACTIONTYPE>Cheque</TRANSACTIONTYPE>
                                <PAYMENTFAVOURING>Suspense</PAYMENTFAVOURING>
                                <INSTRUMENTNUMBER>YBL9c99bf3e4d974940ab88b136236c6153</INSTRUMENTNUMBER>
                                <PAYMENTMODE>Transacted</PAYMENTMODE>
                                <AMOUNT>55.0</AMOUNT>
                            </BANKALLOCATIONS.LIST>
                        </ALLLEDGERENTRIES.LIST>
                    </VOUCHER>
                </TALLYMESSAGE>
                <TALLYMESSAGE xmlns_UDF="TallyUDF">
                    <VOUCHER VCHTYPE="Payment" ACTION="Create" OBJVIEW="Accounting Voucher View">
                        <DATE>20240719</DATE>
                        <VOUCHERTYPENAME>Payment</VOUCHERTYPENAME>
                        <NARRATION>UPI/DR/420154278406/PA PLI 0/YESB/002261100000025 /ROTI LEBER JAIPUR_CENTR</NARRATION>
                        <PARTYLEDGERNAME>AU Small Finance Bank-4463</PARTYLEDGERNAME>
                        <EFFECTIVEDATE>20240719</EFFECTIVEDATE>
                        <ALLLEDGERENTRIES.LIST>
                            <LEDGERNAME>Suspense</LEDGERNAME>
                            <ISDEEMEDPOSITIVE>Yes</ISDEEMEDPOSITIVE>
                            <AMOUNT>-200.0</AMOUNT>
                        </ALLLEDGERENTRIES.LIST>
                        <ALLLEDGERENTRIES.LIST>
                            <LEDGERNAME>AU Small Finance Bank-4463</LEDGERNAME>
                            <ISDEEMEDPOSITIVE>No</ISDEEMEDPOSITIVE>
                            <AMOUNT>200.0</AMOUNT>
                            <BANKALLOCATIONS.LIST>
                                <DATE>20240719</DATE>
                                <INSTRUMENTDATE>20240719</INSTRUMENTDATE>
                                <TRANSACTIONTYPE>Cheque</TRANSACTIONTYPE>
                                <PAYMENTFAVOURING>Suspense</PAYMENTFAVOURING>
                                <INSTRUMENTNUMBER>YBL26e1693a3e4d4f
d5b70b189fe912e4c
6</INSTRUMENTNUMBER>
                                <PAYMENTMODE>Transacted</PAYMENTMODE>
                                <AMOUNT>200.0</AMOUNT>
                            </BANKALLOCATIONS.LIST>
                        </ALLLEDGERENTRIES.LIST>
                    </VOUCHER>
                </TALLYMESSAGE>
                <TALLYMESSAGE xmlns_UDF="TallyUDF">
                    <VOUCHER VCHTYPE="Payment" ACTION="Create" OBJVIEW="Accounting Voucher View">
                        <DATE>20240722</DATE>
                        <VOUCHERTYPENAME>Payment</VOUCHERTYPENAME>
                        <NARRATION>UPI/DR/420415739371/TA RARAMCHOUDHARY/YESB /002261100000025/MIRAJ JAIPUR_CENTR</NARRATION>
                        <PARTYLEDGERNAME>AU Small Finance Bank-4463</PARTYLEDGERNAME>
                        <EFFECTIVEDATE>20240722</EFFECTIVEDATE>
                        <ALLLEDGERENTRIES.LIST>
                            <LEDGERNAME>Suspense</LEDGERNAME>
                            <ISDEEMEDPOSITIVE>Yes</ISDEEMEDPOSITIVE>
                            <AMOUNT>-10.0</AMOUNT>
                        </ALLLEDGERENTRIES.LIST>
                        <ALLLEDGERENTRIES.LIST>
                            <LEDGERNAME>AU Small Finance Bank-4463</LEDGERNAME>
                            <ISDEEMEDPOSITIVE>No</ISDEEMEDPOSITIVE>
                            <AMOUNT>10.0</AMOUNT>
                            <BANKALLOCATIONS.LIST>
                                <DATE>20240722</DATE>
                                <INSTRUMENTDATE>20240722</INSTRUMENTDATE>
                                <TRANSACTIONTYPE>Cheque</TRANSACTIONTYPE>
                                <PAYMENTFAVOURING>Suspense</PAYMENTFAVOURING>
                                <INSTRUMENTNUMBER>YBL14b21420936c4e
9185999923423a673
2</INSTRUMENTNUMBER>
                                <PAYMENTMODE>Transacted</PAYMENTMODE>
                                <AMOUNT>10.0</AMOUNT>
                            </BANKALLOCATIONS.LIST>
                        </ALLLEDGERENTRIES.LIST>
                    </VOUCHER>
                </TALLYMESSAGE>
                <TALLYMESSAGE xmlns_UDF="TallyUDF">
                    <VOUCHER VCHTYPE="Payment" ACTION="Create" OBJVIEW="Accounting Voucher View">
                        <DATE>20240722</DATE>
                        <VOUCHERTYPENAME>Payment</VOUCHERTYPENAME>
                        <NARRATION>UPI/DR/420441083539/M ARWAR DAIRY AND PROVISION STORE/YESB/0022611000 00025/LEMAN JAIPUR_CENTR</NARRATION>
                        <PARTYLEDGERNAME>AU Small Finance Bank-4463</PARTYLEDGERNAME>
                        <EFFECTIVEDATE>20240722</EFFECTIVEDATE>
                        <ALLLEDGERENTRIES.LIST>
                            <LEDGERNAME>Suspense</LEDGERNAME>
                            <ISDEEMEDPOSITIVE>Yes</ISDEEMEDPOSITIVE>
                            <AMOUNT>-10.0</AMOUNT>
                        </ALLLEDGERENTRIES.LIST>
                        <ALLLEDGERENTRIES.LIST>
                            <LEDGERNAME>AU Small Finance Bank-4463</LEDGERNAME>
                            <ISDEEMEDPOSITIVE>No</ISDEEMEDPOSITIVE>
                            <AMOUNT>10.0</AMOUNT>
                            <BANKALLOCATIONS.LIST>
                                <DATE>20240722</DATE>
                                <INSTRUMENTDATE>20240722</INSTRUMENTDATE>
                                <TRANSACTIONTYPE>Cheque</TRANSACTIONTYPE>
                                <PAYMENTFAVOURING>Suspense</PAYMENTFAVOURING>
                                <INSTRUMENTNUMBER>YBL7fcd4832da544
4bf945d2953251a5c
6d</INSTRUMENTNUMBER>
                                <PAYMENTMODE>Transacted</PAYMENTMODE>
                                <AMOUNT>10.0</AMOUNT>
                            </BANKALLOCATIONS.LIST>
                        </ALLLEDGERENTRIES.LIST>
                    </VOUCHER>
                </TALLYMESSAGE>
                <TALLYMESSAGE xmlns_UDF="TallyUDF">
                    <VOUCHER VCHTYPE="Payment" ACTION="Create" OBJVIEW="Accounting Voucher View">
                        <DATE>20240723</DATE>
                        <VOUCHERTYPENAME>Payment</VOUCHERTYPENAME>
                        <NARRATION>UPI/DR/420591568104/TA RARAMCHOUDHARY/YESB /002261100000025/CUP JAIPUR_CENTR</NARRATION>
                        <PARTYLEDGERNAME>AU Small Finance Bank-4463</PARTYLEDGERNAME>
                        <EFFECTIVEDATE>20240723</EFFECTIVEDATE>
                        <ALLLEDGERENTRIES.LIST>
                            <LEDGERNAME>Suspense</LEDGERNAME>
                            <ISDEEMEDPOSITIVE>Yes</ISDEEMEDPOSITIVE>
                            <AMOUNT>-40.0</AMOUNT>
                        </ALLLEDGERENTRIES.LIST>
                        <ALLLEDGERENTRIES.LIST>
                            <LEDGERNAME>AU Small Finance Bank-4463</LEDGERNAME>
                            <ISDEEMEDPOSITIVE>No</ISDEEMEDPOSITIVE>
                            <AMOUNT>40.0</AMOUNT>
                            <BANKALLOCATIONS.LIST>
                                <DATE>20240723</DATE>
                                <INSTRUMENTDATE>20240723</INSTRUMENTDATE>
                                <TRANSACTIONTYPE>Cheque</TRANSACTIONTYPE>
                                <PAYMENTFAVOURING>Suspense</PAYMENTFAVOURING>
                                <INSTRUMENTNUMBER>YBLcc635833f7b14b2c87cd0c6cc5e5de8b</INSTRUMENTNUMBER>
                                <PAYMENTMODE>Transacted</PAYMENTMODE>
                                <AMOUNT>40.0</AMOUNT>
                            </BANKALLOCATIONS.LIST>
                        </ALLLEDGERENTRIES.LIST>
                    </VOUCHER>
                </TALLYMESSAGE>
                <TALLYMESSAGE xmlns_UDF="TallyUDF">
                    <VOUCHER VCHTYPE="Payment" ACTION="Create" OBJVIEW="Accounting Voucher View">
                        <DATE>20240725</DATE>
                        <VOUCHERTYPENAME>Payment</VOUCHERTYPENAME>
                        <NARRATION>UPI/DR/420738713751/AC HLA RAM/YESB/002261100000 025/TIP JAIPUR_CENTR</NARRATION>
                        <PARTYLEDGERNAME>AU Small Finance Bank-4463</PARTYLEDGERNAME>
                        <EFFECTIVEDATE>20240725</EFFECTIVEDATE>
                        <ALLLEDGERENTRIES.LIST>
                            <LEDGERNAME>Suspense</LEDGERNAME>
                            <ISDEEMEDPOSITIVE>Yes</ISDEEMEDPOSITIVE>
                            <AMOUNT>-800.0</AMOUNT>
                        </ALLLEDGERENTRIES.LIST>
                        <ALLLEDGERENTRIES.LIST>
                            <LEDGERNAME>AU Small Finance Bank-4463</LEDGERNAME>
                            <ISDEEMEDPOSITIVE>No</ISDEEMEDPOSITIVE>
                            <AMOUNT>800.0</AMOUNT>
                            <BANKALLOCATIONS.LIST>
                                <DATE>20240725</DATE>
                                <INSTRUMENTDATE>20240725</INSTRUMENTDATE>
                                <TRANSACTIONTYPE>Cheque</TRANSACTIONTYPE>
                                <PAYMENTFAVOURING>Suspense</PAYMENTFAVOURING>
                                <INSTRUMENTNUMBER>YBL760af033c7a642e781942b33b34edfdf</INSTRUMENTNUMBER>
                                <PAYMENTMODE>Transacted</PAYMENTMODE>
                                <AMOUNT>800.0</AMOUNT>
                            </BANKALLOCATIONS.LIST>
                        </ALLLEDGERENTRIES.LIST>
                    </VOUCHER>
                </TALLYMESSAGE>
                <TALLYMESSAGE xmlns_UDF="TallyUDF">
                    <VOUCHER VCHTYPE="Payment" ACTION="Create" OBJVIEW="Accounting Voucher View">
                        <DATE>20240725</DATE>
                        <VOUCHERTYPENAME>Payment</VOUCHERTYPENAME>
                        <NARRATION>UPI/DR/420758892028/P APLI 0/YESB/002261100000025 /ROTI JAIPUR_CENTR</NARRATION>
                        <PARTYLEDGERNAME>AU Small Finance Bank-4463</PARTYLEDGERNAME>
                        <EFFECTIVEDATE>20240725</EFFECTIVEDATE>
                        <ALLLEDGERENTRIES.LIST>
                            <LEDGERNAME>Suspense</LEDGERNAME>
                            <ISDEEMEDPOSITIVE>Yes</ISDEEMEDPOSITIVE>
                            <AMOUNT>-80.0</AMOUNT>
                        </ALLLEDGERENTRIES.LIST>
                        <ALLLEDGERENTRIES.LIST>
                            <LEDGERNAME>AU Small Finance Bank-4463</LEDGERNAME>
                            <ISDEEMEDPOSITIVE>No</ISDEEMEDPOSITIVE>
                            <AMOUNT>80.0</AMOUNT>
                            <BANKALLOCATIONS.LIST>
                                <DATE>20240725</DATE>
                                <INSTRUMENTDATE>20240725</INSTRUMENTDATE>
                                <TRANSACTIONTYPE>Cheque</TRANSACTIONTYPE>
                                <PAYMENTFAVOURING>Suspense</PAYMENTFAVOURING>
                                <INSTRUMENTNUMBER>YBL07732a1bd72c4db784e25ee2d15549fa</INSTRUMENTNUMBER>
                                <PAYMENTMODE>Transacted</PAYMENTMODE>
                                <AMOUNT>80.0</AMOUNT>
                            </BANKALLOCATIONS.LIST>
                        </ALLLEDGERENTRIES.LIST>
                    </VOUCHER>
                </TALLYMESSAGE>
                <TALLYMESSAGE xmlns_UDF="TallyUDF">
                    <VOUCHER VCHTYPE="Payment" ACTION="Create" OBJVIEW="Accounting Voucher View">
                        <DATE>20240726</DATE>
                        <VOUCHERTYPENAME>Payment</VOUCHERTYPENAME>
                        <NARRATION>UPI/DR/420802626914/RA MESHKUMAR/YESB/00226 1100000025/PANI JAIPUR_CENTR</NARRATION>
                        <PARTYLEDGERNAME>AU Small Finance Bank-4463</PARTYLEDGERNAME>
                        <EFFECTIVEDATE>20240726</EFFECTIVEDATE>
                        <ALLLEDGERENTRIES.LIST>
                            <LEDGERNAME>Suspense</LEDGERNAME>
                            <ISDEEMEDPOSITIVE>Yes</ISDEEMEDPOSITIVE>
                            <AMOUNT>-40.0</AMOUNT>
                        </ALLLEDGERENTRIES.LIST>
                        <ALLLEDGERENTRIES.LIST>
                            <LEDGERNAME>AU Small Finance Bank-4463</LEDGERNAME>
                            <ISDEEMEDPOSITIVE>No</ISDEEMEDPOSITIVE>
                            <AMOUNT>40.0</AMOUNT>
                            <BANKALLOCATIONS.LIST>
                                <DATE>20240726</DATE>
                                <INSTRUMENTDATE>20240726</INSTRUMENTDATE>
                                <TRANSACTIONTYPE>Cheque</TRANSACTIONTYPE>
                                <PAYMENTFAVOURING>Suspense</PAYMENTFAVOURING>
                                <INSTRUMENTNUMBER>YBLe0045314631448aea35f7875b797d485</INSTRUMENTNUMBER>
                                <PAYMENTMODE>Transacted</PAYMENTMODE>
                                <AMOUNT>40.0</AMOUNT>
                            </BANKALLOCATIONS.LIST>
                        </ALLLEDGERENTRIES.LIST>
                    </VOUCHER>
                </TALLYMESSAGE>
                <TALLYMESSAGE xmlns_UDF="TallyUDF">
                    <VOUCHER VCHTYPE="Payment" ACTION="Create" OBJVIEW="Accounting Voucher View">
                        <DATE>20240726</DATE>
                        <VOUCHERTYPENAME>Payment</VOUCHERTYPENAME>
                        <NARRATION>UPI/DR/420875084457/M ANGI LAL GURJAR/BARB/27490100 023586/FALUDA JAIPUR_CENTR</NARRATION>
                        <PARTYLEDGERNAME>AU Small Finance Bank-4463</PARTYLEDGERNAME>
                        <EFFECTIVEDATE>20240726</EFFECTIVEDATE>
                        <ALLLEDGERENTRIES.LIST>
                            <LEDGERNAME>Suspense</LEDGERNAME>
                            <ISDEEMEDPOSITIVE>Yes</ISDEEMEDPOSITIVE>
                            <AMOUNT>-130.0</AMOUNT>
                        </ALLLEDGERENTRIES.LIST>
                        <ALLLEDGERENTRIES.LIST>
                            <LEDGERNAME>AU Small Finance Bank-4463</LEDGERNAME>
                            <ISDEEMEDPOSITIVE>No</ISDEEMEDPOSITIVE>
                            <AMOUNT>130.0</AMOUNT>
                            <BANKALLOCATIONS.LIST>
                                <DATE>20240726</DATE>
                                <INSTRUMENTDATE>20240726</INSTRUMENTDATE>
                                <TRANSACTIONTYPE>Cheque</TRANSACTIONTYPE>
                                <PAYMENTFAVOURING>Suspense</PAYMENTFAVOURING>
                                <INSTRUMENTNUMBER>YBL0acf269737304111add6adf1c58ee609</INSTRUMENTNUMBER>
                                <PAYMENTMODE>Transacted</PAYMENTMODE>
                                <AMOUNT>130.0</AMOUNT>
                            </BANKALLOCATIONS.LIST>
                        </ALLLEDGERENTRIES.LIST>
                    </VOUCHER>
                </TALLYMESSAGE>
                <TALLYMESSAGE xmlns_UDF="TallyUDF">
                    <VOUCHER VCHTYPE="Payment" ACTION="Create" OBJVIEW="Accounting Voucher View">
                        <DATE>20240801</DATE>
                        <VOUCHERTYPENAME>Payment</VOUCHERTYPENAME>
                        <NARRATION>MONTHLY INTEREST PAYOUT</NARRATION>
                        <PARTYLEDGERNAME>AU Small Finance Bank-4463</PARTYLEDGERNAME>
                        <EFFECTIVEDATE>20240801</EFFECTIVEDATE>
                        <ALLLEDGERENTRIES.LIST>
                            <LEDGERNAME>Suspense</LEDGERNAME>
                            <ISDEEMEDPOSITIVE>Yes</ISDEEMEDPOSITIVE>
                            <AMOUNT>-92.0</AMOUNT>
                        </ALLLEDGERENTRIES.LIST>
                        <ALLLEDGERENTRIES.LIST>
                            <LEDGERNAME>AU Small Finance Bank-4463</LEDGERNAME>
                            <ISDEEMEDPOSITIVE>No</ISDEEMEDPOSITIVE>
                            <AMOUNT>92.0</AMOUNT>
                            <BANKALLOCATIONS.LIST>
                                <DATE>20240801</DATE>
                                <INSTRUMENTDATE>20240801</INSTRUMENTDATE>
                                <TRANSACTIONTYPE>Cheque</TRANSACTIONTYPE>
                                <PAYMENTFAVOURING>Suspense</PAYMENTFAVOURING>
                                <INSTRUMENTNUMBER>0</INSTRUMENTNUMBER>
                                <PAYMENTMODE>Transacted</PAYMENTMODE>
                                <AMOUNT>92.0</AMOUNT>
                            </BANKALLOCATIONS.LIST>
                        </ALLLEDGERENTRIES.LIST>
                    </VOUCHER>
                </TALLYMESSAGE>
                <TALLYMESSAGE xmlns_UDF="TallyUDF">
                    <VOUCHER VCHTYPE="Payment" ACTION="Create" OBJVIEW="Accounting Voucher View">
                        <DATE>20240806</DATE>
                        <VOUCHERTYPENAME>Payment</VOUCHERTYPENAME>
                        <NARRATION>UPI/DR/421929142228/LA ZYPAY REPAYMENT NBFC/AIRP/1092787575/L AZYPAYREPAYMENT JAIPUR_CENTR</NARRATION>
                        <PARTYLEDGERNAME>AU Small Finance Bank-4463</PARTYLEDGERNAME>
                        <EFFECTIVEDATE>20240806</EFFECTIVEDATE>
                        <ALLLEDGERENTRIES.LIST>
                            <LEDGERNAME>Suspense</LEDGERNAME>
                            <ISDEEMEDPOSITIVE>Yes</ISDEEMEDPOSITIVE>
                            <AMOUNT>-544.1</AMOUNT>
                        </ALLLEDGERENTRIES.LIST>
                        <ALLLEDGERENTRIES.LIST>
                            <LEDGERNAME>AU Small Finance Bank-4463</LEDGERNAME>
                            <ISDEEMEDPOSITIVE>No</ISDEEMEDPOSITIVE>
                            <AMOUNT>544.1</AMOUNT>
                            <BANKALLOCATIONS.LIST>
                                <DATE>20240806</DATE>
                                <INSTRUMENTDATE>20240806</INSTRUMENTDATE>
                                <TRANSACTIONTYPE>Cheque</TRANSACTIONTYPE>
                                <PAYMENTFAVOURING>Suspense</PAYMENTFAVOURING>
                                <INSTRUMENTNUMBER>YBL394d132d6b8e4
d3ba4d8fe883f671b
bb</INSTRUMENTNUMBER>
                                <PAYMENTMODE>Transacted</PAYMENTMODE>
                                <AMOUNT>544.1</AMOUNT>
                            </BANKALLOCATIONS.LIST>
                        </ALLLEDGERENTRIES.LIST>
                    </VOUCHER>
                </TALLYMESSAGE>
                <TALLYMESSAGE xmlns_UDF="TallyUDF">
                    <VOUCHER VCHTYPE="Payment" ACTION="Create" OBJVIEW="Accounting Voucher View">
                        <DATE>20240806</DATE>
                        <VOUCHERTYPENAME>Payment</VOUCHERTYPENAME>
                        <NARRATION>UPI/DR/421936624426/DI LIP KUMAR/YESB/0022611000 00025/MAKKI JAIPUR_CENTR</NARRATION>
                        <PARTYLEDGERNAME>AU Small Finance Bank-4463</PARTYLEDGERNAME>
                        <EFFECTIVEDATE>20240806</EFFECTIVEDATE>
                        <ALLLEDGERENTRIES.LIST>
                            <LEDGERNAME>Suspense</LEDGERNAME>
                            <ISDEEMEDPOSITIVE>Yes</ISDEEMEDPOSITIVE>
                            <AMOUNT>-60.0</AMOUNT>
                        </ALLLEDGERENTRIES.LIST>
                        <ALLLEDGERENTRIES.LIST>
                            <LEDGERNAME>AU Small Finance Bank-4463</LEDGERNAME>
                            <ISDEEMEDPOSITIVE>No</ISDEEMEDPOSITIVE>
                            <AMOUNT>60.0</AMOUNT>
                            <BANKALLOCATIONS.LIST>
                                <DATE>20240806</DATE>
                                <INSTRUMENTDATE>20240806</INSTRUMENTDATE>
                                <TRANSACTIONTYPE>Cheque</TRANSACTIONTYPE>
                                <PAYMENTFAVOURING>Suspense</PAYMENTFAVOURING>
                                <INSTRUMENTNUMBER>YBL5441b87ba7804
034bba94fbe3bf2dd
74</INSTRUMENTNUMBER>
                                <PAYMENTMODE>Transacted</PAYMENTMODE>
                                <AMOUNT>60.0</AMOUNT>
                            </BANKALLOCATIONS.LIST>
                        </ALLLEDGERENTRIES.LIST>
                    </VOUCHER>
                </TALLYMESSAGE>
                <TALLYMESSAGE xmlns_UDF="TallyUDF">
                    <VOUCHER VCHTYPE="Payment" ACTION="Create" OBJVIEW="Accounting Voucher View">
                        <DATE>20240807</DATE>
                        <VOUCHERTYPENAME>Payment</VOUCHERTYPENAME>
                        <NARRATION>UPI/DR/422007204942/V ARIETY COLLECTION AND FANCY STORE/YESB/0022611000 00025/TEL HIMGANGE JAIPUR_CENTR</NARRATION>
                        <PARTYLEDGERNAME>AU Small Finance Bank-4463</PARTYLEDGERNAME>
                        <EFFECTIVEDATE>20240807</EFFECTIVEDATE>
                        <ALLLEDGERENTRIES.LIST>
                            <LEDGERNAME>Suspense</LEDGERNAME>
                            <ISDEEMEDPOSITIVE>Yes</ISDEEMEDPOSITIVE>
                            <AMOUNT>-150.0</AMOUNT>
                        </ALLLEDGERENTRIES.LIST>
                        <ALLLEDGERENTRIES.LIST>
                            <LEDGERNAME>AU Small Finance Bank-4463</LEDGERNAME>
                            <ISDEEMEDPOSITIVE>No</ISDEEMEDPOSITIVE>
                            <AMOUNT>150.0</AMOUNT>
                            <BANKALLOCATIONS.LIST>
                                <DATE>20240807</DATE>
                                <INSTRUMENTDATE>20240807</INSTRUMENTDATE>
                                <TRANSACTIONTYPE>Cheque</TRANSACTIONTYPE>
                                <PAYMENTFAVOURING>Suspense</PAYMENTFAVOURING>
                                <INSTRUMENTNUMBER>YBL75aee63d9aa34
59d971936796046b0
7a</INSTRUMENTNUMBER>
                                <PAYMENTMODE>Transacted</PAYMENTMODE>
                                <AMOUNT>150.0</AMOUNT>
                            </BANKALLOCATIONS.LIST>
                        </ALLLEDGERENTRIES.LIST>
                    </VOUCHER>
                </TALLYMESSAGE>
                <TALLYMESSAGE xmlns_UDF="TallyUDF">
                    <VOUCHER VCHTYPE="Payment" ACTION="Create" OBJVIEW="Accounting Voucher View">
                        <DATE>20240807</DATE>
                        <VOUCHERTYPENAME>Payment</VOUCHERTYPENAME>
                        <NARRATION>UPI/DR/422043544520/M R SHANKAR LAL/YESB/001425000000 051/CHAPAL JAIPUR_CENTR</NARRATION>
                        <PARTYLEDGERNAME>AU Small Finance Bank-4463</PARTYLEDGERNAME>
                        <EFFECTIVEDATE>20240807</EFFECTIVEDATE>
                        <ALLLEDGERENTRIES.LIST>
                            <LEDGERNAME>Suspense</LEDGERNAME>
                            <ISDEEMEDPOSITIVE>Yes</ISDEEMEDPOSITIVE>
                            <AMOUNT>-270.0</AMOUNT>
                        </ALLLEDGERENTRIES.LIST>
                        <ALLLEDGERENTRIES.LIST>
                            <LEDGERNAME>AU Small Finance Bank-4463</LEDGERNAME>
                            <ISDEEMEDPOSITIVE>No</ISDEEMEDPOSITIVE>
                            <AMOUNT>270.0</AMOUNT>
                            <BANKALLOCATIONS.LIST>
                                <DATE>20240807</DATE>
                                <INSTRUMENTDATE>20240807</INSTRUMENTDATE>
                                <TRANSACTIONTYPE>Cheque</TRANSACTIONTYPE>
                                <PAYMENTFAVOURING>Suspense</PAYMENTFAVOURING>
                                <INSTRUMENTNUMBER>YBL779fab27e7cd44
9cabe61150e4e6c5e
0</INSTRUMENTNUMBER>
                                <PAYMENTMODE>Transacted</PAYMENTMODE>
                                <AMOUNT>270.0</AMOUNT>
                            </BANKALLOCATIONS.LIST>
                        </ALLLEDGERENTRIES.LIST>
                    </VOUCHER>
                </TALLYMESSAGE>
                <TALLYMESSAGE xmlns_UDF="TallyUDF">
                    <VOUCHER VCHTYPE="Payment" ACTION="Create" OBJVIEW="Accounting Voucher View">
                        <DATE>20240807</DATE>
                        <VOUCHERTYPENAME>Payment</VOUCHERTYPENAME>
                        <NARRATION>UPI/DR/422027636289/D AMODAR PRAJAPAT/YESB/01056110 0000039/VERIFIED MERCHANT JAIPUR_CENTR</NARRATION>
                        <PARTYLEDGERNAME>AU Small Finance Bank-4463</PARTYLEDGERNAME>
                        <EFFECTIVEDATE>20240807</EFFECTIVEDATE>
                        <ALLLEDGERENTRIES.LIST>
                            <LEDGERNAME>Suspense</LEDGERNAME>
                            <ISDEEMEDPOSITIVE>Yes</ISDEEMEDPOSITIVE>
                            <AMOUNT>-60.0</AMOUNT>
                        </ALLLEDGERENTRIES.LIST>
                        <ALLLEDGERENTRIES.LIST>
                            <LEDGERNAME>AU Small Finance Bank-4463</LEDGERNAME>
                            <ISDEEMEDPOSITIVE>No</ISDEEMEDPOSITIVE>
                            <AMOUNT>60.0</AMOUNT>
                            <BANKALLOCATIONS.LIST>
                                <DATE>20240807</DATE>
                                <INSTRUMENTDATE>20240807</INSTRUMENTDATE>
                                <TRANSACTIONTYPE>Cheque</TRANSACTIONTYPE>
                                <PAYMENTFAVOURING>Suspense</PAYMENTFAVOURING>
                                <INSTRUMENTNUMBER>YBL6ab237bdbde6488bb7ea966a95b92e18</INSTRUMENTNUMBER>
                                <PAYMENTMODE>Transacted</PAYMENTMODE>
                                <AMOUNT>60.0</AMOUNT>
                            </BANKALLOCATIONS.LIST>
                        </ALLLEDGERENTRIES.LIST>
                    </VOUCHER>
                </TALLYMESSAGE>
                <TALLYMESSAGE xmlns_UDF="TallyUDF">
                    <VOUCHER VCHTYPE="Payment" ACTION="Create" OBJVIEW="Accounting Voucher View">
                        <DATE>20240808</DATE>
                        <VOUCHERTYPENAME>Payment</VOUCHERTYPENAME>
                        <NARRATION>UPI/DR/422104777042/AC HLA RAM/YESB/002261100000 025/COLOUR AND CUTTING JAIPUR_CENTR</NARRATION>
                        <PARTYLEDGERNAME>AU Small Finance Bank-4463</PARTYLEDGERNAME>
                        <EFFECTIVEDATE>20240808</EFFECTIVEDATE>
                        <ALLLEDGERENTRIES.LIST>
                            <LEDGERNAME>Suspense</LEDGERNAME>
                            <ISDEEMEDPOSITIVE>Yes</ISDEEMEDPOSITIVE>
                            <AMOUNT>-500.0</AMOUNT>
                        </ALLLEDGERENTRIES.LIST>
                        <ALLLEDGERENTRIES.LIST>
                            <LEDGERNAME>AU Small Finance Bank-4463</LEDGERNAME>
                            <ISDEEMEDPOSITIVE>No</ISDEEMEDPOSITIVE>
                            <AMOUNT>500.0</AMOUNT>
                            <BANKALLOCATIONS.LIST>
                                <DATE>20240808</DATE>
                                <INSTRUMENTDATE>20240808</INSTRUMENTDATE>
                                <TRANSACTIONTYPE>Cheque</TRANSACTIONTYPE>
                                <PAYMENTFAVOURING>Suspense</PAYMENTFAVOURING>
                                <INSTRUMENTNUMBER>YBLe6c9b11d83c6494c8dd04a31c1eac136</INSTRUMENTNUMBER>
                                <PAYMENTMODE>Transacted</PAYMENTMODE>
                                <AMOUNT>500.0</AMOUNT>
                            </BANKALLOCATIONS.LIST>
                        </ALLLEDGERENTRIES.LIST>
                    </VOUCHER>
                </TALLYMESSAGE>
                <TALLYMESSAGE xmlns_UDF="TallyUDF">
                    <VOUCHER VCHTYPE="Payment" ACTION="Create" OBJVIEW="Accounting Voucher View">
                        <DATE>20240810</DATE>
                        <VOUCHERTYPENAME>Payment</VOUCHERTYPENAME>
                        <NARRATION>UPI/DR/422366975396/TA RARAMCHOUDHARY/YESB /002261100000025/PAYME NT FROM PHONEPE JAIPUR_CENTR</NARRATION>
                        <PARTYLEDGERNAME>AU Small Finance Bank-4463</PARTYLEDGERNAME>
                        <EFFECTIVEDATE>20240810</EFFECTIVEDATE>
                        <ALLLEDGERENTRIES.LIST>
                            <LEDGERNAME>Suspense</LEDGERNAME>
                            <ISDEEMEDPOSITIVE>Yes</ISDEEMEDPOSITIVE>
                            <AMOUNT>-10.0</AMOUNT>
                        </ALLLEDGERENTRIES.LIST>
                        <ALLLEDGERENTRIES.LIST>
                            <LEDGERNAME>AU Small Finance Bank-4463</LEDGERNAME>
                            <ISDEEMEDPOSITIVE>No</ISDEEMEDPOSITIVE>
                            <AMOUNT>10.0</AMOUNT>
                            <BANKALLOCATIONS.LIST>
                                <DATE>20240810</DATE>
                                <INSTRUMENTDATE>20240810</INSTRUMENTDATE>
                                <TRANSACTIONTYPE>Cheque</TRANSACTIONTYPE>
                                <PAYMENTFAVOURING>Suspense</PAYMENTFAVOURING>
                                <INSTRUMENTNUMBER>YBLfcb08db9e0e42a5a12cac5e8674a230</INSTRUMENTNUMBER>
                                <PAYMENTMODE>Transacted</PAYMENTMODE>
                                <AMOUNT>10.0</AMOUNT>
                            </BANKALLOCATIONS.LIST>
                        </ALLLEDGERENTRIES.LIST>
                    </VOUCHER>
                </TALLYMESSAGE>
                <TALLYMESSAGE xmlns_UDF="TallyUDF">
                    <VOUCHER VCHTYPE="Payment" ACTION="Create" OBJVIEW="Accounting Voucher View">
                        <DATE>20240810</DATE>
                        <VOUCHERTYPENAME>Payment</VOUCHERTYPENAME>
                        <NARRATION>UPI/DR/422303484505/R AZORPAYZOMATO/ICIC/0 103SL00IPAY/PAYVIARAZO RPAY JAIPUR_CENTR</NARRATION>
                        <PARTYLEDGERNAME>AU Small Finance Bank-4463</PARTYLEDGERNAME>
                        <EFFECTIVEDATE>20240810</EFFECTIVEDATE>
                        <ALLLEDGERENTRIES.LIST>
                            <LEDGERNAME>Suspense</LEDGERNAME>
                            <ISDEEMEDPOSITIVE>Yes</ISDEEMEDPOSITIVE>
                            <AMOUNT>-372.48</AMOUNT>
                        </ALLLEDGERENTRIES.LIST>
                        <ALLLEDGERENTRIES.LIST>
                            <LEDGERNAME>AU Small Finance Bank-4463</LEDGERNAME>
                            <ISDEEMEDPOSITIVE>No</ISDEEMEDPOSITIVE>
                            <AMOUNT>372.48</AMOUNT>
                            <BANKALLOCATIONS.LIST>
                                <DATE>20240810</DATE>
                                <INSTRUMENTDATE>20240810</INSTRUMENTDATE>
                                <TRANSACTIONTYPE>Cheque</TRANSACTIONTYPE>
                                <PAYMENTFAVOURING>Suspense</PAYMENTFAVOURING>
                                <INSTRUMENTNUMBER>YBL83fcdb74c5f84a
2d8f9e36ec4775974
0</INSTRUMENTNUMBER>
                                <PAYMENTMODE>Transacted</PAYMENTMODE>
                                <AMOUNT>372.48</AMOUNT>
                            </BANKALLOCATIONS.LIST>
                        </ALLLEDGERENTRIES.LIST>
                    </VOUCHER>
                </TALLYMESSAGE>
                <TALLYMESSAGE xmlns_UDF="TallyUDF">
                    <VOUCHER VCHTYPE="Payment" ACTION="Create" OBJVIEW="Accounting Voucher View">
                        <DATE>20240810</DATE>
                        <VOUCHERTYPENAME>Payment</VOUCHERTYPENAME>
                        <NARRATION>UPI/DR/422309071646/DA LCHAND/YESB/002261100 000025/GOLGAPP JAIPUR_CENTR</NARRATION>
                        <PARTYLEDGERNAME>AU Small Finance Bank-4463</PARTYLEDGERNAME>
                        <EFFECTIVEDATE>20240810</EFFECTIVEDATE>
                        <ALLLEDGERENTRIES.LIST>
                            <LEDGERNAME>Suspense</LEDGERNAME>
                            <ISDEEMEDPOSITIVE>Yes</ISDEEMEDPOSITIVE>
                            <AMOUNT>-20.0</AMOUNT>
                        </ALLLEDGERENTRIES.LIST>
                        <ALLLEDGERENTRIES.LIST>
                            <LEDGERNAME>AU Small Finance Bank-4463</LEDGERNAME>
                            <ISDEEMEDPOSITIVE>No</ISDEEMEDPOSITIVE>
                            <AMOUNT>20.0</AMOUNT>
                            <BANKALLOCATIONS.LIST>
                                <DATE>20240810</DATE>
                                <INSTRUMENTDATE>20240810</INSTRUMENTDATE>
                                <TRANSACTIONTYPE>Cheque</TRANSACTIONTYPE>
                                <PAYMENTFAVOURING>Suspense</PAYMENTFAVOURING>
                                <INSTRUMENTNUMBER>YBL9da4f6c1ea9244
558fa122420e329c0
a</INSTRUMENTNUMBER>
                                <PAYMENTMODE>Transacted</PAYMENTMODE>
                                <AMOUNT>20.0</AMOUNT>
                            </BANKALLOCATIONS.LIST>
                        </ALLLEDGERENTRIES.LIST>
                    </VOUCHER>
                </TALLYMESSAGE>
                <TALLYMESSAGE xmlns_UDF="TallyUDF">
                    <VOUCHER VCHTYPE="Payment" ACTION="Create" OBJVIEW="Accounting Voucher View">
                        <DATE>20240811</DATE>
                        <VOUCHERTYPENAME>Payment</VOUCHERTYPENAME>
                        <NARRATION>UPI/DR/422411279220/OM PRAKASH/YESB/00226110 0000025/PATA CUTTER JAIPUR_CENTR</NARRATION>
                        <PARTYLEDGERNAME>AU Small Finance Bank-4463</PARTYLEDGERNAME>
                        <EFFECTIVEDATE>20240811</EFFECTIVEDATE>
                        <ALLLEDGERENTRIES.LIST>
                            <LEDGERNAME>Suspense</LEDGERNAME>
                            <ISDEEMEDPOSITIVE>Yes</ISDEEMEDPOSITIVE>
                            <AMOUNT>-210.0</AMOUNT>
                        </ALLLEDGERENTRIES.LIST>
                        <ALLLEDGERENTRIES.LIST>
                            <LEDGERNAME>AU Small Finance Bank-4463</LEDGERNAME>
                            <ISDEEMEDPOSITIVE>No</ISDEEMEDPOSITIVE>
                            <AMOUNT>210.0</AMOUNT>
                            <BANKALLOCATIONS.LIST>
                                <DATE>20240811</DATE>
                                <INSTRUMENTDATE>20240811</INSTRUMENTDATE>
                                <TRANSACTIONTYPE>Cheque</TRANSACTIONTYPE>
                                <PAYMENTFAVOURING>Suspense</PAYMENTFAVOURING>
                                <INSTRUMENTNUMBER>YBL6fdf70cfd74944
e29fa5f612acea945
0</INSTRUMENTNUMBER>
                                <PAYMENTMODE>Transacted</PAYMENTMODE>
                                <AMOUNT>210.0</AMOUNT>
                            </BANKALLOCATIONS.LIST>
                        </ALLLEDGERENTRIES.LIST>
                    </VOUCHER>
                </TALLYMESSAGE>
                <TALLYMESSAGE xmlns_UDF="TallyUDF">
                    <VOUCHER VCHTYPE="Payment" ACTION="Create" OBJVIEW="Accounting Voucher View">
                        <DATE>20240812</DATE>
                        <VOUCHERTYPENAME>Payment</VOUCHERTYPENAME>
                        <NARRATION>UPI/DR/422577396318/BA SNI FILLING STATION/YESB/00142500 0000051/GASS JAIPUR_CENTR</NARRATION>
                        <PARTYLEDGERNAME>AU Small Finance Bank-4463</PARTYLEDGERNAME>
                        <EFFECTIVEDATE>20240812</EFFECTIVEDATE>
                        <ALLLEDGERENTRIES.LIST>
                            <LEDGERNAME>Suspense</LEDGERNAME>
                            <ISDEEMEDPOSITIVE>Yes</ISDEEMEDPOSITIVE>
                            <AMOUNT>-799.0</AMOUNT>
                        </ALLLEDGERENTRIES.LIST>
                        <ALLLEDGERENTRIES.LIST>
                            <LEDGERNAME>AU Small Finance Bank-4463</LEDGERNAME>
                            <ISDEEMEDPOSITIVE>No</ISDEEMEDPOSITIVE>
                            <AMOUNT>799.0</AMOUNT>
                            <BANKALLOCATIONS.LIST>
                                <DATE>20240812</DATE>
                                <INSTRUMENTDATE>20240812</INSTRUMENTDATE>
                                <TRANSACTIONTYPE>Cheque</TRANSACTIONTYPE>
                                <PAYMENTFAVOURING>Suspense</PAYMENTFAVOURING>
                                <INSTRUMENTNUMBER>YBLf3d04339b92e4724b317cb207b92558a</INSTRUMENTNUMBER>
                                <PAYMENTMODE>Transacted</PAYMENTMODE>
                                <AMOUNT>799.0</AMOUNT>
                            </BANKALLOCATIONS.LIST>
                        </ALLLEDGERENTRIES.LIST>
                    </VOUCHER>
                </TALLYMESSAGE>
                <TALLYMESSAGE xmlns_UDF="TallyUDF">
                    <VOUCHER VCHTYPE="Payment" ACTION="Create" OBJVIEW="Accounting Voucher View">
                        <DATE>20240812</DATE>
                        <VOUCHERTYPENAME>Payment</VOUCHERTYPENAME>
                        <NARRATION>UPI/DR/422506581418/KU KI/YESB/00226110000002 5/COOLIP JAIPUR_CENTR</NARRATION>
                        <PARTYLEDGERNAME>AU Small Finance Bank-4463</PARTYLEDGERNAME>
                        <EFFECTIVEDATE>20240812</EFFECTIVEDATE>
                        <ALLLEDGERENTRIES.LIST>
                            <LEDGERNAME>Suspense</LEDGERNAME>
                            <ISDEEMEDPOSITIVE>Yes</ISDEEMEDPOSITIVE>
                            <AMOUNT>-40.0</AMOUNT>
                        </ALLLEDGERENTRIES.LIST>
                        <ALLLEDGERENTRIES.LIST>
                            <LEDGERNAME>AU Small Finance Bank-4463</LEDGERNAME>
                            <ISDEEMEDPOSITIVE>No</ISDEEMEDPOSITIVE>
                            <AMOUNT>40.0</AMOUNT>
                            <BANKALLOCATIONS.LIST>
                                <DATE>20240812</DATE>
                                <INSTRUMENTDATE>20240812</INSTRUMENTDATE>
                                <TRANSACTIONTYPE>Cheque</TRANSACTIONTYPE>
                                <PAYMENTFAVOURING>Suspense</PAYMENTFAVOURING>
                                <INSTRUMENTNUMBER>YBLf913a5f399b04b9fa74b0d5ae90e4e03</INSTRUMENTNUMBER>
                                <PAYMENTMODE>Transacted</PAYMENTMODE>
                                <AMOUNT>40.0</AMOUNT>
                            </BANKALLOCATIONS.LIST>
                        </ALLLEDGERENTRIES.LIST>
                    </VOUCHER>
                </TALLYMESSAGE>
                <TALLYMESSAGE xmlns_UDF="TallyUDF">
                    <VOUCHER VCHTYPE="Payment" ACTION="Create" OBJVIEW="Accounting Voucher View">
                        <DATE>20240814</DATE>
                        <VOUCHERTYPENAME>Payment</VOUCHERTYPENAME>
                        <NARRATION>UPI/DR/422745216658/PA WAN KUMAR ARYA/YESB/002261100000 025/COOLIP JAIPUR_CENTR</NARRATION>
                        <PARTYLEDGERNAME>AU Small Finance Bank-4463</PARTYLEDGERNAME>
                        <EFFECTIVEDATE>20240814</EFFECTIVEDATE>
                        <ALLLEDGERENTRIES.LIST>
                            <LEDGERNAME>Suspense</LEDGERNAME>
                            <ISDEEMEDPOSITIVE>Yes</ISDEEMEDPOSITIVE>
                            <AMOUNT>-40.0</AMOUNT>
                        </ALLLEDGERENTRIES.LIST>
                        <ALLLEDGERENTRIES.LIST>
                            <LEDGERNAME>AU Small Finance Bank-4463</LEDGERNAME>
                            <ISDEEMEDPOSITIVE>No</ISDEEMEDPOSITIVE>
                            <AMOUNT>40.0</AMOUNT>
                            <BANKALLOCATIONS.LIST>
                                <DATE>20240814</DATE>
                                <INSTRUMENTDATE>20240814</INSTRUMENTDATE>
                                <TRANSACTIONTYPE>Cheque</TRANSACTIONTYPE>
                                <PAYMENTFAVOURING>Suspense</PAYMENTFAVOURING>
                                <INSTRUMENTNUMBER>YBLb52f39a9e9b0403d8d4a13675844c3bb</INSTRUMENTNUMBER>
                                <PAYMENTMODE>Transacted</PAYMENTMODE>
                                <AMOUNT>40.0</AMOUNT>
                            </BANKALLOCATIONS.LIST>
                        </ALLLEDGERENTRIES.LIST>
                    </VOUCHER>
                </TALLYMESSAGE>
                <TALLYMESSAGE xmlns_UDF="TallyUDF">
                    <VOUCHER VCHTYPE="Payment" ACTION="Create" OBJVIEW="Accounting Voucher View">
                        <DATE>20240814</DATE>
                        <VOUCHERTYPENAME>Payment</VOUCHERTYPENAME>
                        <NARRATION>UPI/DR/422732326613/PA WAN KUMAR ARYA/YESB/002261100000 025/COOLIP JAIPUR_CENTR</NARRATION>
                        <PARTYLEDGERNAME>AU Small Finance Bank-4463</PARTYLEDGERNAME>
                        <EFFECTIVEDATE>20240814</EFFECTIVEDATE>
                        <ALLLEDGERENTRIES.LIST>
                            <LEDGERNAME>Suspense</LEDGERNAME>
                            <ISDEEMEDPOSITIVE>Yes</ISDEEMEDPOSITIVE>
                            <AMOUNT>-40.0</AMOUNT>
                        </ALLLEDGERENTRIES.LIST>
                        <ALLLEDGERENTRIES.LIST>
                            <LEDGERNAME>AU Small Finance Bank-4463</LEDGERNAME>
                            <ISDEEMEDPOSITIVE>No</ISDEEMEDPOSITIVE>
                            <AMOUNT>40.0</AMOUNT>
                            <BANKALLOCATIONS.LIST>
                                <DATE>20240814</DATE>
                                <INSTRUMENTDATE>20240814</INSTRUMENTDATE>
                                <TRANSACTIONTYPE>Cheque</TRANSACTIONTYPE>
                                <PAYMENTFAVOURING>Suspense</PAYMENTFAVOURING>
                                <INSTRUMENTNUMBER>YBL4ea428cbfcb4c469246a634838172f1</INSTRUMENTNUMBER>
                                <PAYMENTMODE>Transacted</PAYMENTMODE>
                                <AMOUNT>40.0</AMOUNT>
                            </BANKALLOCATIONS.LIST>
                        </ALLLEDGERENTRIES.LIST>
                    </VOUCHER>
                </TALLYMESSAGE>
                <TALLYMESSAGE xmlns_UDF="TallyUDF">
                    <VOUCHER VCHTYPE="Payment" ACTION="Create" OBJVIEW="Accounting Voucher View">
                        <DATE>20240814</DATE>
                        <VOUCHERTYPENAME>Payment</VOUCHERTYPENAME>
                        <NARRATION>UPI/DR/422770415957/PA PU/YESB/00226110000002 5/GAMLA JAIPUR_CENTR</NARRATION>
                        <PARTYLEDGERNAME>AU Small Finance Bank-4463</PARTYLEDGERNAME>
                        <EFFECTIVEDATE>20240814</EFFECTIVEDATE>
                        <ALLLEDGERENTRIES.LIST>
                            <LEDGERNAME>Suspense</LEDGERNAME>
                            <ISDEEMEDPOSITIVE>Yes</ISDEEMEDPOSITIVE>
                            <AMOUNT>-100.0</AMOUNT>
                        </ALLLEDGERENTRIES.LIST>
                        <ALLLEDGERENTRIES.LIST>
                            <LEDGERNAME>AU Small Finance Bank-4463</LEDGERNAME>
                            <ISDEEMEDPOSITIVE>No</ISDEEMEDPOSITIVE>
                            <AMOUNT>100.0</AMOUNT>
                            <BANKALLOCATIONS.LIST>
                                <DATE>20240814</DATE>
                                <INSTRUMENTDATE>20240814</INSTRUMENTDATE>
                                <TRANSACTIONTYPE>Cheque</TRANSACTIONTYPE>
                                <PAYMENTFAVOURING>Suspense</PAYMENTFAVOURING>
                                <INSTRUMENTNUMBER>YBL1ba32750053d4
882aee388c582afa3
60</INSTRUMENTNUMBER>
                                <PAYMENTMODE>Transacted</PAYMENTMODE>
                                <AMOUNT>100.0</AMOUNT>
                            </BANKALLOCATIONS.LIST>
                        </ALLLEDGERENTRIES.LIST>
                    </VOUCHER>
                </TALLYMESSAGE>
                <TALLYMESSAGE xmlns_UDF="TallyUDF">
                    <VOUCHER VCHTYPE="Payment" ACTION="Create" OBJVIEW="Accounting Voucher View">
                        <DATE>20240814</DATE>
                        <VOUCHERTYPENAME>Payment</VOUCHERTYPENAME>
                        <NARRATION>UPI/DR/422755699344/B ANSILAL PRAJAPAT/BARB/5499010 0005610/GLASS JAIPUR_CENTR</NARRATION>
                        <PARTYLEDGERNAME>AU Small Finance Bank-4463</PARTYLEDGERNAME>
                        <EFFECTIVEDATE>20240814</EFFECTIVEDATE>
                        <ALLLEDGERENTRIES.LIST>
                            <LEDGERNAME>Suspense</LEDGERNAME>
                            <ISDEEMEDPOSITIVE>Yes</ISDEEMEDPOSITIVE>
                            <AMOUNT>-80.0</AMOUNT>
                        </ALLLEDGERENTRIES.LIST>
                        <ALLLEDGERENTRIES.LIST>
                            <LEDGERNAME>AU Small Finance Bank-4463</LEDGERNAME>
                            <ISDEEMEDPOSITIVE>No</ISDEEMEDPOSITIVE>
                            <AMOUNT>80.0</AMOUNT>
                            <BANKALLOCATIONS.LIST>
                                <DATE>20240814</DATE>
                                <INSTRUMENTDATE>20240814</INSTRUMENTDATE>
                                <TRANSACTIONTYPE>Cheque</TRANSACTIONTYPE>
                                <PAYMENTFAVOURING>Suspense</PAYMENTFAVOURING>
                                <INSTRUMENTNUMBER>YBLca5b316ded1142
c390a9f2e7fb62b2d
a</INSTRUMENTNUMBER>
                                <PAYMENTMODE>Transacted</PAYMENTMODE>
                                <AMOUNT>80.0</AMOUNT>
                            </BANKALLOCATIONS.LIST>
                        </ALLLEDGERENTRIES.LIST>
                    </VOUCHER>
                </TALLYMESSAGE>
                <TALLYMESSAGE xmlns_UDF="TallyUDF">
                    <VOUCHER VCHTYPE="Payment" ACTION="Create" OBJVIEW="Accounting Voucher View">
                        <DATE>20240815</DATE>
                        <VOUCHERTYPENAME>Payment</VOUCHERTYPENAME>
                        <NARRATION>UPI/DR/422887683249/JI TENDRA KUMAR SAH/SBIN/000000384824 07516/PAYMENT FROM PHONEPE JAIPUR_CENTR</NARRATION>
                        <PARTYLEDGERNAME>AU Small Finance Bank-4463</PARTYLEDGERNAME>
                        <EFFECTIVEDATE>20240815</EFFECTIVEDATE>
                        <ALLLEDGERENTRIES.LIST>
                            <LEDGERNAME>Suspense</LEDGERNAME>
                            <ISDEEMEDPOSITIVE>Yes</ISDEEMEDPOSITIVE>
                            <AMOUNT>-10.0</AMOUNT>
                        </ALLLEDGERENTRIES.LIST>
                        <ALLLEDGERENTRIES.LIST>
                            <LEDGERNAME>AU Small Finance Bank-4463</LEDGERNAME>
                            <ISDEEMEDPOSITIVE>No</ISDEEMEDPOSITIVE>
                            <AMOUNT>10.0</AMOUNT>
                            <BANKALLOCATIONS.LIST>
                                <DATE>20240815</DATE>
                                <INSTRUMENTDATE>20240815</INSTRUMENTDATE>
                                <TRANSACTIONTYPE>Cheque</TRANSACTIONTYPE>
                                <PAYMENTFAVOURING>Suspense</PAYMENTFAVOURING>
                                <INSTRUMENTNUMBER>YBL74a0d305e2044
c6c9b246203cf00c9
29</INSTRUMENTNUMBER>
                                <PAYMENTMODE>Transacted</PAYMENTMODE>
                                <AMOUNT>10.0</AMOUNT>
                            </BANKALLOCATIONS.LIST>
                        </ALLLEDGERENTRIES.LIST>
                    </VOUCHER>
                </TALLYMESSAGE>
                <TALLYMESSAGE xmlns_UDF="TallyUDF">
                    <VOUCHER VCHTYPE="Payment" ACTION="Create" OBJVIEW="Accounting Voucher View">
                        <DATE>20240820</DATE>
                        <VOUCHERTYPENAME>Payment</VOUCHERTYPENAME>
                        <NARRATION>UPI/DR/423333848513/PA WAN KUMAR ARYA/YESB/002261100000 025/COOLIP JAIPUR_CENTR</NARRATION>
                        <PARTYLEDGERNAME>AU Small Finance Bank-4463</PARTYLEDGERNAME>
                        <EFFECTIVEDATE>20240820</EFFECTIVEDATE>
                        <ALLLEDGERENTRIES.LIST>
                            <LEDGERNAME>Suspense</LEDGERNAME>
                            <ISDEEMEDPOSITIVE>Yes</ISDEEMEDPOSITIVE>
                            <AMOUNT>-60.0</AMOUNT>
                        </ALLLEDGERENTRIES.LIST>
                        <ALLLEDGERENTRIES.LIST>
                            <LEDGERNAME>AU Small Finance Bank-4463</LEDGERNAME>
                            <ISDEEMEDPOSITIVE>No</ISDEEMEDPOSITIVE>
                            <AMOUNT>60.0</AMOUNT>
                            <BANKALLOCATIONS.LIST>
                                <DATE>20240820</DATE>
                                <INSTRUMENTDATE>20240820</INSTRUMENTDATE>
                                <TRANSACTIONTYPE>Cheque</TRANSACTIONTYPE>
                                <PAYMENTFAVOURING>Suspense</PAYMENTFAVOURING>
                                <INSTRUMENTNUMBER>YBLc77f71f6e7f24f9
9b1629ad3739822fe</INSTRUMENTNUMBER>
                                <PAYMENTMODE>Transacted</PAYMENTMODE>
                                <AMOUNT>60.0</AMOUNT>
                            </BANKALLOCATIONS.LIST>
                        </ALLLEDGERENTRIES.LIST>
                    </VOUCHER>
                </TALLYMESSAGE>
                <TALLYMESSAGE xmlns_UDF="TallyUDF">
                    <VOUCHER VCHTYPE="Payment" ACTION="Create" OBJVIEW="Accounting Voucher View">
                        <DATE>20240826</DATE>
                        <VOUCHERTYPENAME>Payment</VOUCHERTYPENAME>
                        <NARRATION>UPI/DR/423962818904/AB DUL KARIM/PUNB/2501000100 146974/CARPET JAIPUR_CENTR</NARRATION>
                        <PARTYLEDGERNAME>AU Small Finance Bank-4463</PARTYLEDGERNAME>
                        <EFFECTIVEDATE>20240826</EFFECTIVEDATE>
                        <ALLLEDGERENTRIES.LIST>
                            <LEDGERNAME>Suspense</LEDGERNAME>
                            <ISDEEMEDPOSITIVE>Yes</ISDEEMEDPOSITIVE>
                            <AMOUNT>-200.0</AMOUNT>
                        </ALLLEDGERENTRIES.LIST>
                        <ALLLEDGERENTRIES.LIST>
                            <LEDGERNAME>AU Small Finance Bank-4463</LEDGERNAME>
                            <ISDEEMEDPOSITIVE>No</ISDEEMEDPOSITIVE>
                            <AMOUNT>200.0</AMOUNT>
                            <BANKALLOCATIONS.LIST>
                                <DATE>20240826</DATE>
                                <INSTRUMENTDATE>20240826</INSTRUMENTDATE>
                                <TRANSACTIONTYPE>Cheque</TRANSACTIONTYPE>
                                <PAYMENTFAVOURING>Suspense</PAYMENTFAVOURING>
                                <INSTRUMENTNUMBER>YBLfd25432fd9804c77987f41148a9275db</INSTRUMENTNUMBER>
                                <PAYMENTMODE>Transacted</PAYMENTMODE>
                                <AMOUNT>200.0</AMOUNT>
                            </BANKALLOCATIONS.LIST>
                        </ALLLEDGERENTRIES.LIST>
                    </VOUCHER>
                </TALLYMESSAGE>
                <TALLYMESSAGE xmlns_UDF="TallyUDF">
                    <VOUCHER VCHTYPE="Payment" ACTION="Create" OBJVIEW="Accounting Voucher View">
                        <DATE>20240826</DATE>
                        <VOUCHERTYPENAME>Payment</VOUCHERTYPENAME>
                        <NARRATION>UPI/DR/423969501626/ZO MATO/HDFC/5020002786 4076/PAYMENT FROM PHONEPE JAIPUR_CENTR</NARRATION>
                        <PARTYLEDGERNAME>AU Small Finance Bank-4463</PARTYLEDGERNAME>
                        <EFFECTIVEDATE>20240826</EFFECTIVEDATE>
                        <ALLLEDGERENTRIES.LIST>
                            <LEDGERNAME>Suspense</LEDGERNAME>
                            <ISDEEMEDPOSITIVE>Yes</ISDEEMEDPOSITIVE>
                            <AMOUNT>-400.78</AMOUNT>
                        </ALLLEDGERENTRIES.LIST>
                        <ALLLEDGERENTRIES.LIST>
                            <LEDGERNAME>AU Small Finance Bank-4463</LEDGERNAME>
                            <ISDEEMEDPOSITIVE>No</ISDEEMEDPOSITIVE>
                            <AMOUNT>400.78</AMOUNT>
                            <BANKALLOCATIONS.LIST>
                                <DATE>20240826</DATE>
                                <INSTRUMENTDATE>20240826</INSTRUMENTDATE>
                                <TRANSACTIONTYPE>Cheque</TRANSACTIONTYPE>
                                <PAYMENTFAVOURING>Suspense</PAYMENTFAVOURING>
                                <INSTRUMENTNUMBER>YBLcfba3cabcfef4495ac0f9e9f2315b834</INSTRUMENTNUMBER>
                                <PAYMENTMODE>Transacted</PAYMENTMODE>
                                <AMOUNT>400.78</AMOUNT>
                            </BANKALLOCATIONS.LIST>
                        </ALLLEDGERENTRIES.LIST>
                    </VOUCHER>
                </TALLYMESSAGE>
                <TALLYMESSAGE xmlns_UDF="TallyUDF">
                    <VOUCHER VCHTYPE="Payment" ACTION="Create" OBJVIEW="Accounting Voucher View">
                        <DATE>20240826</DATE>
                        <VOUCHERTYPENAME>Payment</VOUCHERTYPENAME>
                        <NARRATION>UPI/DR/423932076854/M UKESH BHAT/RMGB/0000008307 5889721/PAYMENT FROM PHONEPE JAIPUR_CENTR</NARRATION>
                        <PARTYLEDGERNAME>AU Small Finance Bank-4463</PARTYLEDGERNAME>
                        <EFFECTIVEDATE>20240826</EFFECTIVEDATE>
                        <ALLLEDGERENTRIES.LIST>
                            <LEDGERNAME>Suspense</LEDGERNAME>
                            <ISDEEMEDPOSITIVE>Yes</ISDEEMEDPOSITIVE>
                            <AMOUNT>-200.0</AMOUNT>
                        </ALLLEDGERENTRIES.LIST>
                        <ALLLEDGERENTRIES.LIST>
                            <LEDGERNAME>AU Small Finance Bank-4463</LEDGERNAME>
                            <ISDEEMEDPOSITIVE>No</ISDEEMEDPOSITIVE>
                            <AMOUNT>200.0</AMOUNT>
                            <BANKALLOCATIONS.LIST>
                                <DATE>20240826</DATE>
                                <INSTRUMENTDATE>20240826</INSTRUMENTDATE>
                                <TRANSACTIONTYPE>Cheque</TRANSACTIONTYPE>
                                <PAYMENTFAVOURING>Suspense</PAYMENTFAVOURING>
                                <INSTRUMENTNUMBER>YBLe9eafedf9e3a45b6949aed5e0fa6adc5</INSTRUMENTNUMBER>
                                <PAYMENTMODE>Transacted</PAYMENTMODE>
                                <AMOUNT>200.0</AMOUNT>
                            </BANKALLOCATIONS.LIST>
                        </ALLLEDGERENTRIES.LIST>
                    </VOUCHER>
                </TALLYMESSAGE>
                <TALLYMESSAGE xmlns_UDF="TallyUDF">
                    <VOUCHER VCHTYPE="Payment" ACTION="Create" OBJVIEW="Accounting Voucher View">
                        <DATE>20240827</DATE>
                        <VOUCHERTYPENAME>Payment</VOUCHERTYPENAME>
                        <NARRATION>UPI/DR/424094517328/M UKESH GURJAR/INDB/009935646 15950/MOBILE REPAIR JAIPUR_CENTR</NARRATION>
                        <PARTYLEDGERNAME>AU Small Finance Bank-4463</PARTYLEDGERNAME>
                        <EFFECTIVEDATE>20240827</EFFECTIVEDATE>
                        <ALLLEDGERENTRIES.LIST>
                            <LEDGERNAME>Suspense</LEDGERNAME>
                            <ISDEEMEDPOSITIVE>Yes</ISDEEMEDPOSITIVE>
                            <AMOUNT>-800.0</AMOUNT>
                        </ALLLEDGERENTRIES.LIST>
                        <ALLLEDGERENTRIES.LIST>
                            <LEDGERNAME>AU Small Finance Bank-4463</LEDGERNAME>
                            <ISDEEMEDPOSITIVE>No</ISDEEMEDPOSITIVE>
                            <AMOUNT>800.0</AMOUNT>
                            <BANKALLOCATIONS.LIST>
                                <DATE>20240827</DATE>
                                <INSTRUMENTDATE>20240827</INSTRUMENTDATE>
                                <TRANSACTIONTYPE>Cheque</TRANSACTIONTYPE>
                                <PAYMENTFAVOURING>Suspense</PAYMENTFAVOURING>
                                <INSTRUMENTNUMBER>YBL4075de090eeb4
5fd834d94f100993c
cc</INSTRUMENTNUMBER>
                                <PAYMENTMODE>Transacted</PAYMENTMODE>
                                <AMOUNT>800.0</AMOUNT>
                            </BANKALLOCATIONS.LIST>
                        </ALLLEDGERENTRIES.LIST>
                    </VOUCHER>
                </TALLYMESSAGE>
                <TALLYMESSAGE xmlns_UDF="TallyUDF">
                    <VOUCHER VCHTYPE="Payment" ACTION="Create" OBJVIEW="Accounting Voucher View">
                        <DATE>20240828</DATE>
                        <VOUCHERTYPENAME>Payment</VOUCHERTYPENAME>
                        <NARRATION>UPI/DR/424137413962/PA WAN KUMAR ARYA/YESB/002261100000 025/COLLIP JAIPUR_CENTR</NARRATION>
                        <PARTYLEDGERNAME>AU Small Finance Bank-4463</PARTYLEDGERNAME>
                        <EFFECTIVEDATE>20240828</EFFECTIVEDATE>
                        <ALLLEDGERENTRIES.LIST>
                            <LEDGERNAME>Suspense</LEDGERNAME>
                            <ISDEEMEDPOSITIVE>Yes</ISDEEMEDPOSITIVE>
                            <AMOUNT>-40.0</AMOUNT>
                        </ALLLEDGERENTRIES.LIST>
                        <ALLLEDGERENTRIES.LIST>
                            <LEDGERNAME>AU Small Finance Bank-4463</LEDGERNAME>
                            <ISDEEMEDPOSITIVE>No</ISDEEMEDPOSITIVE>
                            <AMOUNT>40.0</AMOUNT>
                            <BANKALLOCATIONS.LIST>
                                <DATE>20240828</DATE>
                                <INSTRUMENTDATE>20240828</INSTRUMENTDATE>
                                <TRANSACTIONTYPE>Cheque</TRANSACTIONTYPE>
                                <PAYMENTFAVOURING>Suspense</PAYMENTFAVOURING>
                                <INSTRUMENTNUMBER>YBL500df30322e24c
239d47cce52f495fa</INSTRUMENTNUMBER>
                                <PAYMENTMODE>Transacted</PAYMENTMODE>
                                <AMOUNT>40.0</AMOUNT>
                            </BANKALLOCATIONS.LIST>
                        </ALLLEDGERENTRIES.LIST>
                    </VOUCHER>
                </TALLYMESSAGE>
                <TALLYMESSAGE xmlns_UDF="TallyUDF">
                    <VOUCHER VCHTYPE="Payment" ACTION="Create" OBJVIEW="Accounting Voucher View">
                        <DATE>20240828</DATE>
                        <VOUCHERTYPENAME>Payment</VOUCHERTYPENAME>
                        <NARRATION>UPI/DR/424100607612/AC HLA RAM/YESB/002261100000 025/CUTTING SHEVING JAIPUR_CENTR</NARRATION>
                        <PARTYLEDGERNAME>AU Small Finance Bank-4463</PARTYLEDGERNAME>
                        <EFFECTIVEDATE>20240828</EFFECTIVEDATE>
                        <ALLLEDGERENTRIES.LIST>
                            <LEDGERNAME>Suspense</LEDGERNAME>
                            <ISDEEMEDPOSITIVE>Yes</ISDEEMEDPOSITIVE>
                            <AMOUNT>-180.0</AMOUNT>
                        </ALLLEDGERENTRIES.LIST>
                        <ALLLEDGERENTRIES.LIST>
                            <LEDGERNAME>AU Small Finance Bank-4463</LEDGERNAME>
                            <ISDEEMEDPOSITIVE>No</ISDEEMEDPOSITIVE>
                            <AMOUNT>180.0</AMOUNT>
                            <BANKALLOCATIONS.LIST>
                                <DATE>20240828</DATE>
                                <INSTRUMENTDATE>20240828</INSTRUMENTDATE>
                                <TRANSACTIONTYPE>Cheque</TRANSACTIONTYPE>
                                <PAYMENTFAVOURING>Suspense</PAYMENTFAVOURING>
                                <INSTRUMENTNUMBER>YBL9a0d1d226cbc4
0a7bf60a5ec7dee28
2c</INSTRUMENTNUMBER>
                                <PAYMENTMODE>Transacted</PAYMENTMODE>
                                <AMOUNT>180.0</AMOUNT>
                            </BANKALLOCATIONS.LIST>
                        </ALLLEDGERENTRIES.LIST>
                    </VOUCHER>
                </TALLYMESSAGE>
                <TALLYMESSAGE xmlns_UDF="TallyUDF">
                    <VOUCHER VCHTYPE="Payment" ACTION="Create" OBJVIEW="Accounting Voucher View">
                        <DATE>20240829</DATE>
                        <VOUCHERTYPENAME>Payment</VOUCHERTYPENAME>
                        <NARRATION>UPI/DR/424253031201/HA RISH CHOUDHARY/SBIN/00000 031101745086/PAYMENT FROM PHONEPE JAIPUR_CENTR</NARRATION>
                        <PARTYLEDGERNAME>AU Small Finance Bank-4463</PARTYLEDGERNAME>
                        <EFFECTIVEDATE>20240829</EFFECTIVEDATE>
                        <ALLLEDGERENTRIES.LIST>
                            <LEDGERNAME>Suspense</LEDGERNAME>
                            <ISDEEMEDPOSITIVE>Yes</ISDEEMEDPOSITIVE>
                            <AMOUNT>-300.0</AMOUNT>
                        </ALLLEDGERENTRIES.LIST>
                        <ALLLEDGERENTRIES.LIST>
                            <LEDGERNAME>AU Small Finance Bank-4463</LEDGERNAME>
                            <ISDEEMEDPOSITIVE>No</ISDEEMEDPOSITIVE>
                            <AMOUNT>300.0</AMOUNT>
                            <BANKALLOCATIONS.LIST>
                                <DATE>20240829</DATE>
                                <INSTRUMENTDATE>20240829</INSTRUMENTDATE>
                                <TRANSACTIONTYPE>Cheque</TRANSACTIONTYPE>
                                <PAYMENTFAVOURING>Suspense</PAYMENTFAVOURING>
                                <INSTRUMENTNUMBER>YBL48f968ed88c24e
6aa909559b086806
75</INSTRUMENTNUMBER>
                                <PAYMENTMODE>Transacted</PAYMENTMODE>
                                <AMOUNT>300.0</AMOUNT>
                            </BANKALLOCATIONS.LIST>
                        </ALLLEDGERENTRIES.LIST>
                    </VOUCHER>
                </TALLYMESSAGE>
                <TALLYMESSAGE xmlns_UDF="TallyUDF">
                    <VOUCHER VCHTYPE="Payment" ACTION="Create" OBJVIEW="Accounting Voucher View">
                        <DATE>20240829</DATE>
                        <VOUCHERTYPENAME>Payment</VOUCHERTYPENAME>
                        <NARRATION>UPI/DR/424231803345/PA WAN KUMAR ARYA/YESB/002261100000 025/COLIO JAIPUR_CENTR</NARRATION>
                        <PARTYLEDGERNAME>AU Small Finance Bank-4463</PARTYLEDGERNAME>
                        <EFFECTIVEDATE>20240829</EFFECTIVEDATE>
                        <ALLLEDGERENTRIES.LIST>
                            <LEDGERNAME>Suspense</LEDGERNAME>
                            <ISDEEMEDPOSITIVE>Yes</ISDEEMEDPOSITIVE>
                            <AMOUNT>-40.0</AMOUNT>
                        </ALLLEDGERENTRIES.LIST>
                        <ALLLEDGERENTRIES.LIST>
                            <LEDGERNAME>AU Small Finance Bank-4463</LEDGERNAME>
                            <ISDEEMEDPOSITIVE>No</ISDEEMEDPOSITIVE>
                            <AMOUNT>40.0</AMOUNT>
                            <BANKALLOCATIONS.LIST>
                                <DATE>20240829</DATE>
                                <INSTRUMENTDATE>20240829</INSTRUMENTDATE>
                                <TRANSACTIONTYPE>Cheque</TRANSACTIONTYPE>
                                <PAYMENTFAVOURING>Suspense</PAYMENTFAVOURING>
                                <INSTRUMENTNUMBER>YBLfda0536b31584fefa8ba03e8499a1a83</INSTRUMENTNUMBER>
                                <PAYMENTMODE>Transacted</PAYMENTMODE>
                                <AMOUNT>40.0</AMOUNT>
                            </BANKALLOCATIONS.LIST>
                        </ALLLEDGERENTRIES.LIST>
                    </VOUCHER>
                </TALLYMESSAGE>
                <TALLYMESSAGE xmlns_UDF="TallyUDF">
                    <VOUCHER VCHTYPE="Payment" ACTION="Create" OBJVIEW="Accounting Voucher View">
                        <DATE>20240830</DATE>
                        <VOUCHERTYPENAME>Payment</VOUCHERTYPENAME>
                        <NARRATION>UPI/DR/424397087492/K AMLESH KUMAR/UCBA/1500321103 8412/PAYMENT FROM PHONEPE JAIPUR_CENTR</NARRATION>
                        <PARTYLEDGERNAME>AU Small Finance Bank-4463</PARTYLEDGERNAME>
                        <EFFECTIVEDATE>20240830</EFFECTIVEDATE>
                        <ALLLEDGERENTRIES.LIST>
                            <LEDGERNAME>Suspense</LEDGERNAME>
                            <ISDEEMEDPOSITIVE>Yes</ISDEEMEDPOSITIVE>
                            <AMOUNT>-1.0</AMOUNT>
                        </ALLLEDGERENTRIES.LIST>
                        <ALLLEDGERENTRIES.LIST>
                            <LEDGERNAME>AU Small Finance Bank-4463</LEDGERNAME>
                            <ISDEEMEDPOSITIVE>No</ISDEEMEDPOSITIVE>
                            <AMOUNT>1.0</AMOUNT>
                            <BANKALLOCATIONS.LIST>
                                <DATE>20240830</DATE>
                                <INSTRUMENTDATE>20240830</INSTRUMENTDATE>
                                <TRANSACTIONTYPE>Cheque</TRANSACTIONTYPE>
                                <PAYMENTFAVOURING>Suspense</PAYMENTFAVOURING>
                                <INSTRUMENTNUMBER>YBL55e2f41e9c10442189fa02e57ca152b4</INSTRUMENTNUMBER>
                                <PAYMENTMODE>Transacted</PAYMENTMODE>
                                <AMOUNT>1.0</AMOUNT>
                            </BANKALLOCATIONS.LIST>
                        </ALLLEDGERENTRIES.LIST>
                    </VOUCHER>
                </TALLYMESSAGE>
                <TALLYMESSAGE xmlns_UDF="TallyUDF">
                    <VOUCHER VCHTYPE="Payment" ACTION="Create" OBJVIEW="Accounting Voucher View">
                        <DATE>20240830</DATE>
                        <VOUCHERTYPENAME>Payment</VOUCHERTYPENAME>
                        <NARRATION>UPI/DR/424353830301/KA MLESH KUMAR/UCBA/1500321103 8412/SAFAI JAIPUR_CENTR</NARRATION>
                        <PARTYLEDGERNAME>AU Small Finance Bank-4463</PARTYLEDGERNAME>
                        <EFFECTIVEDATE>20240830</EFFECTIVEDATE>
                        <ALLLEDGERENTRIES.LIST>
                            <LEDGERNAME>Suspense</LEDGERNAME>
                            <ISDEEMEDPOSITIVE>Yes</ISDEEMEDPOSITIVE>
                            <AMOUNT>-375.0</AMOUNT>
                        </ALLLEDGERENTRIES.LIST>
                        <ALLLEDGERENTRIES.LIST>
                            <LEDGERNAME>AU Small Finance Bank-4463</LEDGERNAME>
                            <ISDEEMEDPOSITIVE>No</ISDEEMEDPOSITIVE>
                            <AMOUNT>375.0</AMOUNT>
                            <BANKALLOCATIONS.LIST>
                                <DATE>20240830</DATE>
                                <INSTRUMENTDATE>20240830</INSTRUMENTDATE>
                                <TRANSACTIONTYPE>Cheque</TRANSACTIONTYPE>
                                <PAYMENTFAVOURING>Suspense</PAYMENTFAVOURING>
                                <INSTRUMENTNUMBER>YBL18474f1296944daa8849cc16b3ba3104</INSTRUMENTNUMBER>
                                <PAYMENTMODE>Transacted</PAYMENTMODE>
                                <AMOUNT>375.0</AMOUNT>
                            </BANKALLOCATIONS.LIST>
                        </ALLLEDGERENTRIES.LIST>
                    </VOUCHER>
                </TALLYMESSAGE>
                <TALLYMESSAGE xmlns_UDF="TallyUDF">
                    <VOUCHER VCHTYPE="Payment" ACTION="Create" OBJVIEW="Accounting Voucher View">
                        <DATE>20240830</DATE>
                        <VOUCHERTYPENAME>Payment</VOUCHERTYPENAME>
                        <NARRATION>UPI/DR/424363532142/RA JU RAM/YESB/001425000000 051/RAJU DAL JAIPUR_CENTR</NARRATION>
                        <PARTYLEDGERNAME>AU Small Finance Bank-4463</PARTYLEDGERNAME>
                        <EFFECTIVEDATE>20240830</EFFECTIVEDATE>
                        <ALLLEDGERENTRIES.LIST>
                            <LEDGERNAME>Suspense</LEDGERNAME>
                            <ISDEEMEDPOSITIVE>Yes</ISDEEMEDPOSITIVE>
                            <AMOUNT>-170.0</AMOUNT>
                        </ALLLEDGERENTRIES.LIST>
                        <ALLLEDGERENTRIES.LIST>
                            <LEDGERNAME>AU Small Finance Bank-4463</LEDGERNAME>
                            <ISDEEMEDPOSITIVE>No</ISDEEMEDPOSITIVE>
                            <AMOUNT>170.0</AMOUNT>
                            <BANKALLOCATIONS.LIST>
                                <DATE>20240830</DATE>
                                <INSTRUMENTDATE>20240830</INSTRUMENTDATE>
                                <TRANSACTIONTYPE>Cheque</TRANSACTIONTYPE>
                                <PAYMENTFAVOURING>Suspense</PAYMENTFAVOURING>
                                <INSTRUMENTNUMBER>YBLf97bbfcf23e345a0bb4456302dad1004</INSTRUMENTNUMBER>
                                <PAYMENTMODE>Transacted</PAYMENTMODE>
                                <AMOUNT>170.0</AMOUNT>
                            </BANKALLOCATIONS.LIST>
                        </ALLLEDGERENTRIES.LIST>
                    </VOUCHER>
                </TALLYMESSAGE>
                <TALLYMESSAGE xmlns_UDF="TallyUDF">
                    <VOUCHER VCHTYPE="Payment" ACTION="Create" OBJVIEW="Accounting Voucher View">
                        <DATE>20240831</DATE>
                        <VOUCHERTYPENAME>Payment</VOUCHERTYPENAME>
                        <NARRATION>UPI/DR/424458853745/S MART POINT JODHPUR U3PF/JIOP/002071041000 049/HIT JAIPUR_CENTR</NARRATION>
                        <PARTYLEDGERNAME>AU Small Finance Bank-4463</PARTYLEDGERNAME>
                        <EFFECTIVEDATE>20240831</EFFECTIVEDATE>
                        <ALLLEDGERENTRIES.LIST>
                            <LEDGERNAME>Suspense</LEDGERNAME>
                            <ISDEEMEDPOSITIVE>Yes</ISDEEMEDPOSITIVE>
                            <AMOUNT>-200.0</AMOUNT>
                        </ALLLEDGERENTRIES.LIST>
                        <ALLLEDGERENTRIES.LIST>
                            <LEDGERNAME>AU Small Finance Bank-4463</LEDGERNAME>
                            <ISDEEMEDPOSITIVE>No</ISDEEMEDPOSITIVE>
                            <AMOUNT>200.0</AMOUNT>
                            <BANKALLOCATIONS.LIST>
                                <DATE>20240831</DATE>
                                <INSTRUMENTDATE>20240831</INSTRUMENTDATE>
                                <TRANSACTIONTYPE>Cheque</TRANSACTIONTYPE>
                                <PAYMENTFAVOURING>Suspense</PAYMENTFAVOURING>
                                <INSTRUMENTNUMBER>YBL4a825768e6e14bcea6f053413a68682</INSTRUMENTNUMBER>
                                <PAYMENTMODE>Transacted</PAYMENTMODE>
                                <AMOUNT>200.0</AMOUNT>
                            </BANKALLOCATIONS.LIST>
                        </ALLLEDGERENTRIES.LIST>
                    </VOUCHER>
                </TALLYMESSAGE>
                <TALLYMESSAGE xmlns_UDF="TallyUDF">
                    <VOUCHER VCHTYPE="Payment" ACTION="Create" OBJVIEW="Accounting Voucher View">
                        <DATE>20240831</DATE>
                        <VOUCHERTYPENAME>Payment</VOUCHERTYPENAME>
                        <NARRATION>UPI/DR/424436704181/PU KH RAJ GEHLOT/YESB/002261100 000025/MITHAI JAIPUR_CENTR</NARRATION>
                        <PARTYLEDGERNAME>AU Small Finance Bank-4463</PARTYLEDGERNAME>
                        <EFFECTIVEDATE>20240831</EFFECTIVEDATE>
                        <ALLLEDGERENTRIES.LIST>
                            <LEDGERNAME>Suspense</LEDGERNAME>
                            <ISDEEMEDPOSITIVE>Yes</ISDEEMEDPOSITIVE>
                            <AMOUNT>-350.0</AMOUNT>
                        </ALLLEDGERENTRIES.LIST>
                        <ALLLEDGERENTRIES.LIST>
                            <LEDGERNAME>AU Small Finance Bank-4463</LEDGERNAME>
                            <ISDEEMEDPOSITIVE>No</ISDEEMEDPOSITIVE>
                            <AMOUNT>350.0</AMOUNT>
                            <BANKALLOCATIONS.LIST>
                                <DATE>20240831</DATE>
                                <INSTRUMENTDATE>20240831</INSTRUMENTDATE>
                                <TRANSACTIONTYPE>Cheque</TRANSACTIONTYPE>
                                <PAYMENTFAVOURING>Suspense</PAYMENTFAVOURING>
                                <INSTRUMENTNUMBER>YBL5a2c7e856cf64e
a2aed85145e141d69
9</INSTRUMENTNUMBER>
                                <PAYMENTMODE>Transacted</PAYMENTMODE>
                                <AMOUNT>350.0</AMOUNT>
                            </BANKALLOCATIONS.LIST>
                        </ALLLEDGERENTRIES.LIST>
                    </VOUCHER>
                </TALLYMESSAGE>
                <TALLYMESSAGE xmlns_UDF="TallyUDF">
                    <VOUCHER VCHTYPE="Payment" ACTION="Create" OBJVIEW="Accounting Voucher View">
                        <DATE>20240901</DATE>
                        <VOUCHERTYPENAME>Payment</VOUCHERTYPENAME>
                        <NARRATION>MONTHLY INTEREST PAYOUT</NARRATION>
                        <PARTYLEDGERNAME>AU Small Finance Bank-4463</PARTYLEDGERNAME>
                        <EFFECTIVEDATE>20240901</EFFECTIVEDATE>
                        <ALLLEDGERENTRIES.LIST>
                            <LEDGERNAME>Suspense</LEDGERNAME>
                            <ISDEEMEDPOSITIVE>Yes</ISDEEMEDPOSITIVE>
                            <AMOUNT>-25.0</AMOUNT>
                        </ALLLEDGERENTRIES.LIST>
                        <ALLLEDGERENTRIES.LIST>
                            <LEDGERNAME>AU Small Finance Bank-4463</LEDGERNAME>
                            <ISDEEMEDPOSITIVE>No</ISDEEMEDPOSITIVE>
                            <AMOUNT>25.0</AMOUNT>
                            <BANKALLOCATIONS.LIST>
                                <DATE>20240901</DATE>
                                <INSTRUMENTDATE>20240901</INSTRUMENTDATE>
                                <TRANSACTIONTYPE>Cheque</TRANSACTIONTYPE>
                                <PAYMENTFAVOURING>Suspense</PAYMENTFAVOURING>
                                <INSTRUMENTNUMBER>0</INSTRUMENTNUMBER>
                                <PAYMENTMODE>Transacted</PAYMENTMODE>
                                <AMOUNT>25.0</AMOUNT>
                            </BANKALLOCATIONS.LIST>
                        </ALLLEDGERENTRIES.LIST>
                    </VOUCHER>
                </TALLYMESSAGE>
                <TALLYMESSAGE xmlns_UDF="TallyUDF">
                    <VOUCHER VCHTYPE="Payment" ACTION="Create" OBJVIEW="Accounting Voucher View">
                        <DATE>20240901</DATE>
                        <VOUCHERTYPENAME>Payment</VOUCHERTYPENAME>
                        <NARRATION>UPI/DR/424558416984/AS HOKMALI/YESB/00226110 0000025/SABJI KAVITA JAIPUR_CENTR</NARRATION>
                        <PARTYLEDGERNAME>AU Small Finance Bank-4463</PARTYLEDGERNAME>
                        <EFFECTIVEDATE>20240901</EFFECTIVEDATE>
                        <ALLLEDGERENTRIES.LIST>
                            <LEDGERNAME>Suspense</LEDGERNAME>
                            <ISDEEMEDPOSITIVE>Yes</ISDEEMEDPOSITIVE>
                            <AMOUNT>-400.0</AMOUNT>
                        </ALLLEDGERENTRIES.LIST>
                        <ALLLEDGERENTRIES.LIST>
                            <LEDGERNAME>AU Small Finance Bank-4463</LEDGERNAME>
                            <ISDEEMEDPOSITIVE>No</ISDEEMEDPOSITIVE>
                            <AMOUNT>400.0</AMOUNT>
                            <BANKALLOCATIONS.LIST>
                                <DATE>20240901</DATE>
                                <INSTRUMENTDATE>20240901</INSTRUMENTDATE>
                                <TRANSACTIONTYPE>Cheque</TRANSACTIONTYPE>
                                <PAYMENTFAVOURING>Suspense</PAYMENTFAVOURING>
                                <INSTRUMENTNUMBER>YBL1e04456ecde04
d2788775634a7e612
39</INSTRUMENTNUMBER>
                                <PAYMENTMODE>Transacted</PAYMENTMODE>
                                <AMOUNT>400.0</AMOUNT>
                            </BANKALLOCATIONS.LIST>
                        </ALLLEDGERENTRIES.LIST>
                    </VOUCHER>
                </TALLYMESSAGE>
                <TALLYMESSAGE xmlns_UDF="TallyUDF">
                    <VOUCHER VCHTYPE="Payment" ACTION="Create" OBJVIEW="Accounting Voucher View">
                        <DATE>20240901</DATE>
                        <VOUCHERTYPENAME>Payment</VOUCHERTYPENAME>
                        <NARRATION>UPI/DR/424564358428/G OVIND DAIRY FARM/YESB/00226110000 0025/MILK JAIPUR_CENTR</NARRATION>
                        <PARTYLEDGERNAME>AU Small Finance Bank-4463</PARTYLEDGERNAME>
                        <EFFECTIVEDATE>20240901</EFFECTIVEDATE>
                        <ALLLEDGERENTRIES.LIST>
                            <LEDGERNAME>Suspense</LEDGERNAME>
                            <ISDEEMEDPOSITIVE>Yes</ISDEEMEDPOSITIVE>
                            <AMOUNT>-150.0</AMOUNT>
                        </ALLLEDGERENTRIES.LIST>
                        <ALLLEDGERENTRIES.LIST>
                            <LEDGERNAME>AU Small Finance Bank-4463</LEDGERNAME>
                            <ISDEEMEDPOSITIVE>No</ISDEEMEDPOSITIVE>
                            <AMOUNT>150.0</AMOUNT>
                            <BANKALLOCATIONS.LIST>
                                <DATE>20240901</DATE>
                                <INSTRUMENTDATE>20240901</INSTRUMENTDATE>
                                <TRANSACTIONTYPE>Cheque</TRANSACTIONTYPE>
                                <PAYMENTFAVOURING>Suspense</PAYMENTFAVOURING>
                                <INSTRUMENTNUMBER>YBLc267a5f62f88411
d91f920eb83da79a6</INSTRUMENTNUMBER>
                                <PAYMENTMODE>Transacted</PAYMENTMODE>
                                <AMOUNT>150.0</AMOUNT>
                            </BANKALLOCATIONS.LIST>
                        </ALLLEDGERENTRIES.LIST>
                    </VOUCHER>
                </TALLYMESSAGE>
                <TALLYMESSAGE xmlns_UDF="TallyUDF">
                    <VOUCHER VCHTYPE="Payment" ACTION="Create" OBJVIEW="Accounting Voucher View">
                        <DATE>20240904</DATE>
                        <VOUCHERTYPENAME>Payment</VOUCHERTYPENAME>
                        <NARRATION>UPI/DR/424858678192/RA TANA RAM/YESB/001425000000 051/CORIYER HANUMANGARH JAIPUR_CENTR</NARRATION>
                        <PARTYLEDGERNAME>AU Small Finance Bank-4463</PARTYLEDGERNAME>
                        <EFFECTIVEDATE>20240904</EFFECTIVEDATE>
                        <ALLLEDGERENTRIES.LIST>
                            <LEDGERNAME>Suspense</LEDGERNAME>
                            <ISDEEMEDPOSITIVE>Yes</ISDEEMEDPOSITIVE>
                            <AMOUNT>-90.0</AMOUNT>
                        </ALLLEDGERENTRIES.LIST>
                        <ALLLEDGERENTRIES.LIST>
                            <LEDGERNAME>AU Small Finance Bank-4463</LEDGERNAME>
                            <ISDEEMEDPOSITIVE>No</ISDEEMEDPOSITIVE>
                            <AMOUNT>90.0</AMOUNT>
                            <BANKALLOCATIONS.LIST>
                                <DATE>20240904</DATE>
                                <INSTRUMENTDATE>20240904</INSTRUMENTDATE>
                                <TRANSACTIONTYPE>Cheque</TRANSACTIONTYPE>
                                <PAYMENTFAVOURING>Suspense</PAYMENTFAVOURING>
                                <INSTRUMENTNUMBER>YBLb361ac1914ea43
b29a786e538512533
e</INSTRUMENTNUMBER>
                                <PAYMENTMODE>Transacted</PAYMENTMODE>
                                <AMOUNT>90.0</AMOUNT>
                            </BANKALLOCATIONS.LIST>
                        </ALLLEDGERENTRIES.LIST>
                    </VOUCHER>
                </TALLYMESSAGE>
                <TALLYMESSAGE xmlns_UDF="TallyUDF">
                    <VOUCHER VCHTYPE="Payment" ACTION="Create" OBJVIEW="Accounting Voucher View">
                        <DATE>20240905</DATE>
                        <VOUCHERTYPENAME>Payment</VOUCHERTYPENAME>
                        <NARRATION>ECS/NACHRET INSFND CHARGE FOR05-SEP-24</NARRATION>
                        <PARTYLEDGERNAME>AU Small Finance Bank-4463</PARTYLEDGERNAME>
                        <EFFECTIVEDATE>20240905</EFFECTIVEDATE>
                        <ALLLEDGERENTRIES.LIST>
                            <LEDGERNAME>Suspense</LEDGERNAME>
                            <ISDEEMEDPOSITIVE>Yes</ISDEEMEDPOSITIVE>
                            <AMOUNT>-590.0</AMOUNT>
                        </ALLLEDGERENTRIES.LIST>
                        <ALLLEDGERENTRIES.LIST>
                            <LEDGERNAME>AU Small Finance Bank-4463</LEDGERNAME>
                            <ISDEEMEDPOSITIVE>No</ISDEEMEDPOSITIVE>
                            <AMOUNT>590.0</AMOUNT>
                            <BANKALLOCATIONS.LIST>
                                <DATE>20240905</DATE>
                                <INSTRUMENTDATE>20240905</INSTRUMENTDATE>
                                <TRANSACTIONTYPE>Cheque</TRANSACTIONTYPE>
                                <PAYMENTFAVOURING>Suspense</PAYMENTFAVOURING>
                                <INSTRUMENTNUMBER>0</INSTRUMENTNUMBER>
                                <PAYMENTMODE>Transacted</PAYMENTMODE>
                                <AMOUNT>590.0</AMOUNT>
                            </BANKALLOCATIONS.LIST>
                        </ALLLEDGERENTRIES.LIST>
                    </VOUCHER>
                </TALLYMESSAGE>
                <TALLYMESSAGE xmlns_UDF="TallyUDF">
                    <VOUCHER VCHTYPE="Payment" ACTION="Create" OBJVIEW="Accounting Voucher View">
                        <DATE>20241001</DATE>
                        <VOUCHERTYPENAME>Payment</VOUCHERTYPENAME>
                        <NARRATION>MONTHLY INTEREST PAYOUT</NARRATION>
                        <PARTYLEDGERNAME>AU Small Finance Bank-4463</PARTYLEDGERNAME>
                        <EFFECTIVEDATE>20241001</EFFECTIVEDATE>
                        <ALLLEDGERENTRIES.LIST>
                            <LEDGERNAME>Suspense</LEDGERNAME>
                            <ISDEEMEDPOSITIVE>Yes</ISDEEMEDPOSITIVE>
                            <AMOUNT>-2.0</AMOUNT>
                        </ALLLEDGERENTRIES.LIST>
                        <ALLLEDGERENTRIES.LIST>
                            <LEDGERNAME>AU Small Finance Bank-4463</LEDGERNAME>
                            <ISDEEMEDPOSITIVE>No</ISDEEMEDPOSITIVE>
                            <AMOUNT>2.0</AMOUNT>
                            <BANKALLOCATIONS.LIST>
                                <DATE>20241001</DATE>
                                <INSTRUMENTDATE>20241001</INSTRUMENTDATE>
                                <TRANSACTIONTYPE>Cheque</TRANSACTIONTYPE>
                                <PAYMENTFAVOURING>Suspense</PAYMENTFAVOURING>
                                <INSTRUMENTNUMBER>0</INSTRUMENTNUMBER>
                                <PAYMENTMODE>Transacted</PAYMENTMODE>
                                <AMOUNT>2.0</AMOUNT>
                            </BANKALLOCATIONS.LIST>
                        </ALLLEDGERENTRIES.LIST>
                    </VOUCHER>
                </TALLYMESSAGE>
                <TALLYMESSAGE xmlns_UDF="TallyUDF">
                    <VOUCHER VCHTYPE="Payment" ACTION="Create" OBJVIEW="Accounting Voucher View">
                        <DATE>20241005</DATE>
                        <VOUCHERTYPENAME>Payment</VOUCHERTYPENAME>
                        <NARRATION>ECS/NACHRET INSFND CHARGE FOR05-OCT-24</NARRATION>
                        <PARTYLEDGERNAME>AU Small Finance Bank-4463</PARTYLEDGERNAME>
                        <EFFECTIVEDATE>20241005</EFFECTIVEDATE>
                        <ALLLEDGERENTRIES.LIST>
                            <LEDGERNAME>Suspense</LEDGERNAME>
                            <ISDEEMEDPOSITIVE>Yes</ISDEEMEDPOSITIVE>
                            <AMOUNT>-153.25</AMOUNT>
                        </ALLLEDGERENTRIES.LIST>
                        <ALLLEDGERENTRIES.LIST>
                            <LEDGERNAME>AU Small Finance Bank-4463</LEDGERNAME>
                            <ISDEEMEDPOSITIVE>No</ISDEEMEDPOSITIVE>
                            <AMOUNT>153.25</AMOUNT>
                            <BANKALLOCATIONS.LIST>
                                <DATE>20241005</DATE>
                                <INSTRUMENTDATE>20241005</INSTRUMENTDATE>
                                <TRANSACTIONTYPE>Cheque</TRANSACTIONTYPE>
                                <PAYMENTFAVOURING>Suspense</PAYMENTFAVOURING>
                                <INSTRUMENTNUMBER>0</INSTRUMENTNUMBER>
                                <PAYMENTMODE>Transacted</PAYMENTMODE>
                                <AMOUNT>153.25</AMOUNT>
                            </BANKALLOCATIONS.LIST>
                        </ALLLEDGERENTRIES.LIST>
                    </VOUCHER>
                </TALLYMESSAGE>
                <TALLYMESSAGE xmlns_UDF="TallyUDF">
                    <VOUCHER VCHTYPE="Payment" ACTION="Create" OBJVIEW="Accounting Voucher View">
                        <DATE>20241111</DATE>
                        <VOUCHERTYPENAME>Payment</VOUCHERTYPENAME>
                        <NARRATION>ECS/NACHRET INSFND CHARGE FOR05-OCT-24</NARRATION>
                        <PARTYLEDGERNAME>AU Small Finance Bank-4463</PARTYLEDGERNAME>
                        <EFFECTIVEDATE>20241111</EFFECTIVEDATE>
                        <ALLLEDGERENTRIES.LIST>
                            <LEDGERNAME>Suspense</LEDGERNAME>
                            <ISDEEMEDPOSITIVE>Yes</ISDEEMEDPOSITIVE>
                            <AMOUNT>-436.75</AMOUNT>
                        </ALLLEDGERENTRIES.LIST>
                        <ALLLEDGERENTRIES.LIST>
                            <LEDGERNAME>AU Small Finance Bank-4463</LEDGERNAME>
                            <ISDEEMEDPOSITIVE>No</ISDEEMEDPOSITIVE>
                            <AMOUNT>436.75</AMOUNT>
                            <BANKALLOCATIONS.LIST>
                                <DATE>20241111</DATE>
                                <INSTRUMENTDATE>20241111</INSTRUMENTDATE>
                                <TRANSACTIONTYPE>Cheque</TRANSACTIONTYPE>
                                <PAYMENTFAVOURING>Suspense</PAYMENTFAVOURING>
                                <INSTRUMENTNUMBER>0</INSTRUMENTNUMBER>
                                <PAYMENTMODE>Transacted</PAYMENTMODE>
                                <AMOUNT>436.75</AMOUNT>
                            </BANKALLOCATIONS.LIST>
                        </ALLLEDGERENTRIES.LIST>
                    </VOUCHER>
                </TALLYMESSAGE>
                <TALLYMESSAGE xmlns_UDF="TallyUDF">
                    <VOUCHER VCHTYPE="Payment" ACTION="Create" OBJVIEW="Accounting Voucher View">
                        <DATE>20241111</DATE>
                        <VOUCHERTYPENAME>Payment</VOUCHERTYPENAME>
                        <NARRATION>ECS/NACHRET INSFND CHARGE FOR05-NOV-24</NARRATION>
                        <PARTYLEDGERNAME>AU Small Finance Bank-4463</PARTYLEDGERNAME>
                        <EFFECTIVEDATE>20241111</EFFECTIVEDATE>
                        <ALLLEDGERENTRIES.LIST>
                            <LEDGERNAME>Suspense</LEDGERNAME>
                            <ISDEEMEDPOSITIVE>Yes</ISDEEMEDPOSITIVE>
                            <AMOUNT>-590.0</AMOUNT>
                        </ALLLEDGERENTRIES.LIST>
                        <ALLLEDGERENTRIES.LIST>
                            <LEDGERNAME>AU Small Finance Bank-4463</LEDGERNAME>
                            <ISDEEMEDPOSITIVE>No</ISDEEMEDPOSITIVE>
                            <AMOUNT>590.0</AMOUNT>
                            <BANKALLOCATIONS.LIST>
                                <DATE>20241111</DATE>
                                <INSTRUMENTDATE>20241111</INSTRUMENTDATE>
                                <TRANSACTIONTYPE>Cheque</TRANSACTIONTYPE>
                                <PAYMENTFAVOURING>Suspense</PAYMENTFAVOURING>
                                <INSTRUMENTNUMBER>0</INSTRUMENTNUMBER>
                                <PAYMENTMODE>Transacted</PAYMENTMODE>
                                <AMOUNT>590.0</AMOUNT>
                            </BANKALLOCATIONS.LIST>
                        </ALLLEDGERENTRIES.LIST>
                    </VOUCHER>
                </TALLYMESSAGE>
                <TALLYMESSAGE xmlns_UDF="TallyUDF">
                    <VOUCHER VCHTYPE="Payment" ACTION="Create" OBJVIEW="Accounting Voucher View">
                        <DATE>20241201</DATE>
                        <VOUCHERTYPENAME>Payment</VOUCHERTYPENAME>
                        <NARRATION>MONTHLY INTEREST PAYOUT</NARRATION>
                        <PARTYLEDGERNAME>AU Small Finance Bank-4463</PARTYLEDGERNAME>
                        <EFFECTIVEDATE>20241201</EFFECTIVEDATE>
                        <ALLLEDGERENTRIES.LIST>
                            <LEDGERNAME>Suspense</LEDGERNAME>
                            <ISDEEMEDPOSITIVE>Yes</ISDEEMEDPOSITIVE>
                            <AMOUNT>-24.0</AMOUNT>
                        </ALLLEDGERENTRIES.LIST>
                        <ALLLEDGERENTRIES.LIST>
                            <LEDGERNAME>AU Small Finance Bank-4463</LEDGERNAME>
                            <ISDEEMEDPOSITIVE>No</ISDEEMEDPOSITIVE>
                            <AMOUNT>24.0</AMOUNT>
                            <BANKALLOCATIONS.LIST>
                                <DATE>20241201</DATE>
                                <INSTRUMENTDATE>20241201</INSTRUMENTDATE>
                                <TRANSACTIONTYPE>Cheque</TRANSACTIONTYPE>
                                <PAYMENTFAVOURING>Suspense</PAYMENTFAVOURING>
                                <INSTRUMENTNUMBER>0</INSTRUMENTNUMBER>
                                <PAYMENTMODE>Transacted</PAYMENTMODE>
                                <AMOUNT>24.0</AMOUNT>
                            </BANKALLOCATIONS.LIST>
                        </ALLLEDGERENTRIES.LIST>
                    </VOUCHER>
                </TALLYMESSAGE>
                <TALLYMESSAGE xmlns_UDF="TallyUDF">
                    <VOUCHER VCHTYPE="Payment" ACTION="Create" OBJVIEW="Accounting Voucher View">
                        <DATE>20250101</DATE>
                        <VOUCHERTYPENAME>Payment</VOUCHERTYPENAME>
                        <NARRATION>MONTHLY INTEREST PAYOUT</NARRATION>
                        <PARTYLEDGERNAME>AU Small Finance Bank-4463</PARTYLEDGERNAME>
                        <EFFECTIVEDATE>20250101</EFFECTIVEDATE>
                        <ALLLEDGERENTRIES.LIST>
                            <LEDGERNAME>Suspense</LEDGERNAME>
                            <ISDEEMEDPOSITIVE>Yes</ISDEEMEDPOSITIVE>
                            <AMOUNT>-36.0</AMOUNT>
                        </ALLLEDGERENTRIES.LIST>
                        <ALLLEDGERENTRIES.LIST>
                            <LEDGERNAME>AU Small Finance Bank-4463</LEDGERNAME>
                            <ISDEEMEDPOSITIVE>No</ISDEEMEDPOSITIVE>
                            <AMOUNT>36.0</AMOUNT>
                            <BANKALLOCATIONS.LIST>
                                <DATE>20250101</DATE>
                                <INSTRUMENTDATE>20250101</INSTRUMENTDATE>
                                <TRANSACTIONTYPE>Cheque</TRANSACTIONTYPE>
                                <PAYMENTFAVOURING>Suspense</PAYMENTFAVOURING>
                                <INSTRUMENTNUMBER>0</INSTRUMENTNUMBER>
                                <PAYMENTMODE>Transacted</PAYMENTMODE>
                                <AMOUNT>36.0</AMOUNT>
                            </BANKALLOCATIONS.LIST>
                        </ALLLEDGERENTRIES.LIST>
                    </VOUCHER>
                </TALLYMESSAGE>
                <TALLYMESSAGE xmlns_UDF="TallyUDF">
                    <VOUCHER VCHTYPE="Payment" ACTION="Create" OBJVIEW="Accounting Voucher View">
                        <DATE>20250201</DATE>
                        <VOUCHERTYPENAME>Payment</VOUCHERTYPENAME>
                        <NARRATION>MONTHLY INTEREST PAYOUT</NARRATION>
                        <PARTYLEDGERNAME>AU Small Finance Bank-4463</PARTYLEDGERNAME>
                        <EFFECTIVEDATE>20250201</EFFECTIVEDATE>
                        <ALLLEDGERENTRIES.LIST>
                            <LEDGERNAME>Suspense</LEDGERNAME>
                            <ISDEEMEDPOSITIVE>Yes</ISDEEMEDPOSITIVE>
                            <AMOUNT>-36.0</AMOUNT>
                        </ALLLEDGERENTRIES.LIST>
                        <ALLLEDGERENTRIES.LIST>
                            <LEDGERNAME>AU Small Finance Bank-4463</LEDGERNAME>
                            <ISDEEMEDPOSITIVE>No</ISDEEMEDPOSITIVE>
                            <AMOUNT>36.0</AMOUNT>
                            <BANKALLOCATIONS.LIST>
                                <DATE>20250201</DATE>
                                <INSTRUMENTDATE>20250201</INSTRUMENTDATE>
                                <TRANSACTIONTYPE>Cheque</TRANSACTIONTYPE>
                                <PAYMENTFAVOURING>Suspense</PAYMENTFAVOURING>
                                <INSTRUMENTNUMBER>0</INSTRUMENTNUMBER>
                                <PAYMENTMODE>Transacted</PAYMENTMODE>
                                <AMOUNT>36.0</AMOUNT>
                            </BANKALLOCATIONS.LIST>
                        </ALLLEDGERENTRIES.LIST>
                    </VOUCHER>
                </TALLYMESSAGE>
                <TALLYMESSAGE xmlns_UDF="TallyUDF">
                    <VOUCHER VCHTYPE="Payment" ACTION="Create" OBJVIEW="Accounting Voucher View">
                        <DATE>20250301</DATE>
                        <VOUCHERTYPENAME>Payment</VOUCHERTYPENAME>
                        <NARRATION>MONTHLY INTEREST PAYOUT</NARRATION>
                        <PARTYLEDGERNAME>AU Small Finance Bank-4463</PARTYLEDGERNAME>
                        <EFFECTIVEDATE>20250301</EFFECTIVEDATE>
                        <ALLLEDGERENTRIES.LIST>
                            <LEDGERNAME>Suspense</LEDGERNAME>
                            <ISDEEMEDPOSITIVE>Yes</ISDEEMEDPOSITIVE>
                            <AMOUNT>-220.0</AMOUNT>
                        </ALLLEDGERENTRIES.LIST>
                        <ALLLEDGERENTRIES.LIST>
                            <LEDGERNAME>AU Small Finance Bank-4463</LEDGERNAME>
                            <ISDEEMEDPOSITIVE>No</ISDEEMEDPOSITIVE>
                            <AMOUNT>220.0</AMOUNT>
                            <BANKALLOCATIONS.LIST>
                                <DATE>20250301</DATE>
                                <INSTRUMENTDATE>20250301</INSTRUMENTDATE>
                                <TRANSACTIONTYPE>Cheque</TRANSACTIONTYPE>
                                <PAYMENTFAVOURING>Suspense</PAYMENTFAVOURING>
                                <INSTRUMENTNUMBER>0</INSTRUMENTNUMBER>
                                <PAYMENTMODE>Transacted</PAYMENTMODE>
                                <AMOUNT>220.0</AMOUNT>
                            </BANKALLOCATIONS.LIST>
                        </ALLLEDGERENTRIES.LIST>
                    </VOUCHER>
                </TALLYMESSAGE>
                <TALLYMESSAGE xmlns_UDF="TallyUDF">
                    <VOUCHER VCHTYPE="Payment" ACTION="Create" OBJVIEW="Accounting Voucher View">
                        <DATE>20250308</DATE>
                        <VOUCHERTYPENAME>Payment</VOUCHERTYPENAME>
                        <NARRATION>UPI/CR/101133331386/ASHI SH SUKLECHA/HDFC/1054100 0001775/UPI AU JAGATPURA</NARRATION>
                        <PARTYLEDGERNAME>AU Small Finance Bank-4463</PARTYLEDGERNAME>
                        <EFFECTIVEDATE>20250308</EFFECTIVEDATE>
                        <ALLLEDGERENTRIES.LIST>
                            <LEDGERNAME>Suspense</LEDGERNAME>
                            <ISDEEMEDPOSITIVE>Yes</ISDEEMEDPOSITIVE>
                            <AMOUNT>-1.0</AMOUNT>
                        </ALLLEDGERENTRIES.LIST>
                        <ALLLEDGERENTRIES.LIST>
                            <LEDGERNAME>AU Small Finance Bank-4463</LEDGERNAME>
                            <ISDEEMEDPOSITIVE>No</ISDEEMEDPOSITIVE>
                            <AMOUNT>1.0</AMOUNT>
                            <BANKALLOCATIONS.LIST>
                                <DATE>20250308</DATE>
                                <INSTRUMENTDATE>20250308</INSTRUMENTDATE>
                                <TRANSACTIONTYPE>Cheque</TRANSACTIONTYPE>
                                <PAYMENTFAVOURING>Suspense</PAYMENTFAVOURING>
                                <INSTRUMENTNUMBER>HDF95e0d92e324c490085838e643f266f07</INSTRUMENTNUMBER>
                                <PAYMENTMODE>Transacted</PAYMENTMODE>
                                <AMOUNT>1.0</AMOUNT>
                            </BANKALLOCATIONS.LIST>
                        </ALLLEDGERENTRIES.LIST>
                    </VOUCHER>
                </TALLYMESSAGE>
                <TALLYMESSAGE xmlns_UDF="TallyUDF">
                    <VOUCHER VCHTYPE="Payment" ACTION="Create" OBJVIEW="Accounting Voucher View">
                        <DATE>20250315</DATE>
                        <VOUCHERTYPENAME>Payment</VOUCHERTYPENAME>
                        <NARRATION>UPI/DR/176847333493/PA RVAT RAM/SBIN/000000613282 87759/GULAB JAMUN AU JAGATPURA</NARRATION>
                        <PARTYLEDGERNAME>AU Small Finance Bank-4463</PARTYLEDGERNAME>
                        <EFFECTIVEDATE>20250315</EFFECTIVEDATE>
                        <ALLLEDGERENTRIES.LIST>
                            <LEDGERNAME>Suspense</LEDGERNAME>
                            <ISDEEMEDPOSITIVE>Yes</ISDEEMEDPOSITIVE>
                            <AMOUNT>-534.0</AMOUNT>
                        </ALLLEDGERENTRIES.LIST>
                        <ALLLEDGERENTRIES.LIST>
                            <LEDGERNAME>AU Small Finance Bank-4463</LEDGERNAME>
                            <ISDEEMEDPOSITIVE>No</ISDEEMEDPOSITIVE>
                            <AMOUNT>534.0</AMOUNT>
                            <BANKALLOCATIONS.LIST>
                                <DATE>20250315</DATE>
                                <INSTRUMENTDATE>20250315</INSTRUMENTDATE>
                                <TRANSACTIONTYPE>Cheque</TRANSACTIONTYPE>
                                <PAYMENTFAVOURING>Suspense</PAYMENTFAVOURING>
                                <INSTRUMENTNUMBER>IBL867a41cf03be4c
a992869a8c24ec5c1
6</INSTRUMENTNUMBER>
                                <PAYMENTMODE>Transacted</PAYMENTMODE>
                                <AMOUNT>534.0</AMOUNT>
                            </BANKALLOCATIONS.LIST>
                        </ALLLEDGERENTRIES.LIST>
                    </VOUCHER>
                </TALLYMESSAGE>
                <TALLYMESSAGE xmlns_UDF="TallyUDF">
                    <VOUCHER VCHTYPE="Payment" ACTION="Create" OBJVIEW="Accounting Voucher View">
                        <DATE>20250323</DATE>
                        <VOUCHERTYPENAME>Payment</VOUCHERTYPENAME>
                        <NARRATION>UPI/DR/508201396401/AU TOPAY BHARAT CONNECT POSTPAID BILL PAYMENT/YESB/00226110 0000025/COLLECT REQUEST FROM PHONEPE AU J</NARRATION>
                        <PARTYLEDGERNAME>AU Small Finance Bank-4463</PARTYLEDGERNAME>
                        <EFFECTIVEDATE>20250323</EFFECTIVEDATE>
                        <ALLLEDGERENTRIES.LIST>
                            <LEDGERNAME>Suspense</LEDGERNAME>
                            <ISDEEMEDPOSITIVE>Yes</ISDEEMEDPOSITIVE>
                            <AMOUNT>-420.37</AMOUNT>
                        </ALLLEDGERENTRIES.LIST>
                        <ALLLEDGERENTRIES.LIST>
                            <LEDGERNAME>AU Small Finance Bank-4463</LEDGERNAME>
                            <ISDEEMEDPOSITIVE>No</ISDEEMEDPOSITIVE>
                            <AMOUNT>420.37</AMOUNT>
                            <BANKALLOCATIONS.LIST>
                                <DATE>20250323</DATE>
                                <INSTRUMENTDATE>20250323</INSTRUMENTDATE>
                                <TRANSACTIONTYPE>Cheque</TRANSACTIONTYPE>
                                <PAYMENTFAVOURING>Suspense</PAYMENTFAVOURING>
                                <INSTRUMENTNUMBER>YBL1eea2dead9a54
5c59d206120055cf2
3b</INSTRUMENTNUMBER>
                                <PAYMENTMODE>Transacted</PAYMENTMODE>
                                <AMOUNT>420.37</AMOUNT>
                            </BANKALLOCATIONS.LIST>
                        </ALLLEDGERENTRIES.LIST>
                    </VOUCHER>
                </TALLYMESSAGE>
                <TALLYMESSAGE xmlns_UDF="TallyUDF">
                    <VOUCHER VCHTYPE="Payment" ACTION="Create" OBJVIEW="Accounting Voucher View">
                        <DATE>20250401</DATE>
                        <VOUCHERTYPENAME>Payment</VOUCHERTYPENAME>
                        <NARRATION>MONTHLY INTEREST PAYOUT</NARRATION>
                        <PARTYLEDGERNAME>AU Small Finance Bank-4463</PARTYLEDGERNAME>
                        <EFFECTIVEDATE>20250401</EFFECTIVEDATE>
                        <ALLLEDGERENTRIES.LIST>
                            <LEDGERNAME>Suspense</LEDGERNAME>
                            <ISDEEMEDPOSITIVE>Yes</ISDEEMEDPOSITIVE>
                            <AMOUNT>-302.0</AMOUNT>
                        </ALLLEDGERENTRIES.LIST>
                        <ALLLEDGERENTRIES.LIST>
                            <LEDGERNAME>AU Small Finance Bank-4463</LEDGERNAME>
                            <ISDEEMEDPOSITIVE>No</ISDEEMEDPOSITIVE>
                            <AMOUNT>302.0</AMOUNT>
                            <BANKALLOCATIONS.LIST>
                                <DATE>20250401</DATE>
                                <INSTRUMENTDATE>20250401</INSTRUMENTDATE>
                                <TRANSACTIONTYPE>Cheque</TRANSACTIONTYPE>
                                <PAYMENTFAVOURING>Suspense</PAYMENTFAVOURING>
                                <INSTRUMENTNUMBER>0</INSTRUMENTNUMBER>
                                <PAYMENTMODE>Transacted</PAYMENTMODE>
                                <AMOUNT>302.0</AMOUNT>
                            </BANKALLOCATIONS.LIST>
                        </ALLLEDGERENTRIES.LIST>
                    </VOUCHER>
                </TALLYMESSAGE>
            </REQUESTDATA>
        </IMPORTDATA>
    </BODY>
</ENVELOPE>